2455 3751
299 240 356 268 1³2
948 239 994 261 LA
1020 238 1199 266 QUAEs'rlo
1222 238 1271 260 DE
1294 237 1393 264 AQUA
1416 237 1462 259 Εἰ·
1483 237 1605 259 'rictum

297 364 338 392 ab
362 363 469 399 aquis,
494 362 552 398 qui
576 361 642 389 fuit
664 360 811 388 humano
836 359 912 387 usui
935 357 1163 387 necessarium
1180 357 1222 392 ¹);
1244 356 1324 392 quia
1346 356 1454 392 igitur
1483 356 1555 384 sola
1577 356 1699 391 quarta
1720 356 1831 383 terrae
1854 355 1972 390 (quam
1995 354 2173 383 continent
2194 354 2260 383 duo

298 414 515 450 semicirculi,
540 422 680 450 quorum
706 421 793 441 1111118
816 412 858 441 ab
884 412 1016 441 oriente
1038 411 1072 439 in
1096 410 1308 440 occidentem
1339 418 1398 445 per
1427 409 1543 445 polum
1572 407 1886 444 septentrionalem,
1915 407 2002 436 alter
2030 415 2112 436 vero
2142 415 2261 444 suppo-

299 470 391 498 nitur
413 466 677 504 aequinoctiali)
700 466 886 501 habitatur,
901 469 939 493 ut
955 472 1070 494 omnes
1093 464 1207 499 aiunt;
1223 465 1357 499 oportet
1373 462 1459 491 alia-s
1478 464 1546 490 tres
1562 463 1702 497 quartas
1716 464 1827 490 terrae
1842 468 1914 490 esse
1931 462 2092 497 cooperta
2114 461 2211 497 aquis
2222 461 2261 496 ³).

299 524 466 559 Compulit«
491 522 603 549 ηιαίον.
625 520 677 549 ed.
699 519 756 548 eit.
779 527 890 554 sopra,
912 528 938 547 1·.
962 519 1040 546 159“”.

1005 624 1138 653 Emmo
1161 623 1332 653 COLONNA
1358 622 1401 657 (†
1426 621 1553 657 13115‘¹).

376 757 383 764 .
396 757 402 763 .
416 757 423 763 .
436 757 442 763 .
457 734 535 763 licet
553 734 662 762 forma
678 736 789 761 terrae
805 732 851 760 sit
866 731 1054 767 sphaerica,
1070 730 1219 766 aliquam
1244 732 1357 758 tamen
1378 728 1620 765 gibbositutem
1640 727 1672 756 in
1691 735 1725 756 se
1740 727 1865 755 habere
1882 728 2005 763 potest,
2021 727 2110 755 sicut
2126 735 2261 763 pomum

295 788 433 824 aliquod
450 787 664 823 sphaericum
684 792 795 822 posset
811 785 944 821 aliquas
960 783 1186 821 gibbositates
1206 786 1237 811 et
1261 782 1394 818 aliquas
1417 781 1651 810 concavitates
1674 781 1708 809 in
1733 789 1767 809 se
1783 780 1917 809 habere.
1940 780 1976 808 Si
1993 788 2072 816 ergo
2088 782 2179 809 terra
2194 787 2262 809 non

296 842 435 871 haberet
459 841 492 869 iu
515 849 549 869 se
572 840 722 876 aliquam
745 838 998 875 gibbositatem,
1020 839 1094 866 tota
1115 839 1203 866 esset
1226 838 1387 872 cooperta
1402 835 1511 872 aquis,
1533 834 1614 871 quia
1629 834 1813 862 secundum
1832 842 1925 862 suam
1944 834 2086 862 formam
2104 842 2195 862 mare
2211 837 2263 862 est

295 896 399 924 altius
421 898 528 929 terra3
552 894 611 922 sed
635 898 724 921 terra
749 893 925 921 voluntate
948 893 981 920 et
1004 890 1231 927 dispositione
1254 889 1384 925 divina,
1406 891 1445 917 ut
1459 888 1624 917 animalia
1640 887 1816 916 terrestria
1831 889 1968 923 possent
1985 887 2020 915 in
2036 896 2075 915 ea
2096 886 2263 923 vivere⁴),

296 948 396 977 habet
409 948 578 985 (curandam
594 946 835 983 gibbositatem
851 946 885 974 in
899 946 995 981 parte
1011 943 1285 980 septentrionali,
1296 950 1382 979 quae
1398 941 1589 978 gibbositas
1601 942 1652 969 est
1664 942 1761 969 tanta
1776 940 1865 977 quod
1879 940 1976 977 quasi
1992 942 2157 977 aequatur
2171 940 2261 976 parti

295 1010 405 1031 terrae
428 1005 568 1038 quartae
581 1001 618 1037 Γ’),
640 1000 825 1029 secuudum
842 999 930 1035 quod
948 997 1160 1027 sensibiliter
1175 1004 1355 1033 possumus
1372 995 1522 1031 experiri
1538 996 1669 1023 tantam
1686 1002 1757 1023 esse
1773 995 1898 1022 terram
1915 993 2148 1022 habitabilem.
2169 994 2262 1022 Haec

296 1058 407 1084 autem
431 1054 622 1090 gibbositas
638 1054 673 1082 in
690 1056 823 1082 tantum
847 1053 1002 1081 elevatur
1024 1051 1113 1088 quod
1130 1054 1179 1079 est
1195 1050 1298 1079 altior
1320 1049 1406 1077 mari
1422 1049 1456 1084 6).
1479 1048 1649 1077 Dixerunt
1665 1049 1778 1076 autem
1794 1047 1932 1084 quidam
1953 1047 2043 1084 quod
2066 1047 2194 1076 virtute
2216 1047 2263 1076 di-

298 1110 377 1138 vina
404 1109 572 1137 retinetur
595 1116 685 1136 mare
709 1116 750 1135 ne
774 1106 949 1141 cooperiat
972 1108 1108 1140 terram,
1131 1113 1206 1132 cum
1230 1102 1436 1132 naturaliter
1458 1110 1545 1138 aqua
1561 1101 1684 1130 debeat
1699 1109 1771 1130 esse
1787 1101 1890 1130 altior
1904 1100 2044 1137 terr-(1⁷),
2061 1101 2119 1130 sed
2136 1100 2264 1130 frustra

299 1163 503 1192 recurrimus
526 1162 568 1190 ad
593 1161 793 1189 miraculum
819 1159 877 1188 11111
902 1166 1080 1195 possumus
1104 1157 1309 1186 naturaliter
1332 1157 1475 1185 salvare.
1492 1156 1686 1188 Emmaeron,
1709 1155 1750 1191 ΙΙ,
1766 1156 1814 1191 21,
1830 1154 1969 1183 Padova
1984 1155 2071 1189 1549,
2087 1156 2180 1183 carte
2196 1155 2263 1183 10⁴3.

376 1216 491 1245 Tertia
507 1215 562 1244 die
583 1214 780 1250 specialiter
796 1213 959 1241 dicuntur
975 1220 1082 1248 aquae
1099 1214 1334 1248 congregatae,
1351 1210 1429 1246 quia
1449 1209 1498 1238 ita
1514 1209 1655 1237 fuerunt
1670 1208 1877 1244 inspissatae
1894 1210 1928 1236 et
1944 1207 1994 1236 ita
2009 1211 2265 1244 occupaverunt

297 1279 440 1307 parvum
463 1269 622 1305 spatium.
646 1271 682 1296 ut
706 1276 772 1296 non
793 1267 1007 1303 cooperirent
1032 1268 1137 1294 totam
1158 1267 1294 1299 terram,
1310 1263 1368 1293 sed
1385 1265 1566 1299 appareret
1583 1270 1662 1298 pars
1677 1263 1787 1290 terrae
1803 1261 1909 1290 arida.
1926 1261 2013 1290 Ihm.
2030 1262 2074 1297 Π,
2090 1262 2138 1297 24,
2154 1270 2182 1290 c.
2197 1262 2264 1290 112.

413 1346 436 1352 ..
461 1323 617 1351 volumus
641 1329 765 1357 ponere
796 1324 829 1349 et
859 1320 991 1349 solvere
1020 1319 1323 1347 difficultatem...
1347 1317 1388 1346 de
1415 1317 1490 1353 ipsa
1518 1324 1616 1352 aqua,
1645 1323 1731 1351 quae
1761 1314 1889 1343 dicitur
1918 1317 2133 1351 congregata.
2164 1314 2265 1344 Circa

295 1377 383 1414 quod
413 1379 463 1405 est
494 1375 621 1412 triplex
652 1374 771 1403 modus
800 1373 949 1402 dicendi.
978 1373 1024 1401 Ut
1047 1380 1114 1401 11110
1138 1372 1236 1401 modo
1258 1371 1394 1400 dicatur
1416 1378 1504 1407 aqua
1526 1371 1732 1405 congregata
1755 1370 1788 1397 et
1810 1368 2011 1404 apparuisse
2037 1368 2144 1405 arida,
2167 1370 2205 1397 ut
2235 1369 2263 1397 si

296 1432 329 1459 in
353 1430 466 1466 aliqua
492 1430 607 1465 platea
630 1430 742 1457 essent
766 1427 898 1456 scilicet
920 1426 1019 1454 multi
1043 1425 1187 1461 lapides,
1209 1425 1282 1453 sive
1306 1424 1433 1452 multae
1457 1424 1585 1459 paleae,
1601 1425 1725 1451 utnon
1749 1422 1901 1451 sinerent
1921 1421 2015 1450 illam
2038 1422 2186 1457 plateam
2210 1430 2264 1458 ap-

295 1492 424 1520 parere.
452 1484 590 1519 possent
614 1481 664 1510 illi
690 1481 823 1517 lapides
839 1480 894 1508 vel
916 1479 997 1508 illae
1020 1479 1139 1515 paleae
1161 1477 1362 1514 congregari
1379 1477 1415 1505 in
1438 1477 1587 1513 aliquem
1610 1476 1721 1505 locum
1738 1478 1772 1504 et
1788 1475 1860 1504 fieri
1877 1484 1917 1503 ex
1934 1475 1983 1504 eis
1999 1483 2152 1511 acervus,
2169 1476 2207 1503 ut
2222 1483 2262 1504 ex

293 1544 374 1566 tunc
397 1545 465 1566 non
487 1536 695 1571 occuparent
716 1536 822 1563 totam
847 1533 1007 1569 plateam,
1033 1532 1092 1561 sed
1119 1540 1192 1561 eam
1222 1531 1463 1567 permitterent
1493 1537 1668 1566 apparere.
1698 1529 1752 1557 Ita
1780 1529 1902 1557 volunt
1931 1528 2069 1565 quidam
2101 1528 2191 1565 quod
2220 1528 2263 1557 ad

294 1590 436 1620 verbum
459 1589 615 1618 divinum
639 1588 780 1616 fuerunt
802 1588 1028 1623 congregatae
1049 1593 1157 1622 aquae
1188 1584 1285 1621 quasi
1316 1584 1352 1612 in
1381 1592 1541 1612 acervum
1571 1591 1686 1619 unum,
1709 1585 1748 1611 ut
1776 1590 1817 1611 ex
1840 1584 1921 1612 tunc
1945 1583 2128 1618 appareret
2149 1581 2264 1617 arida;

294 1646 433 1681 propter
455 1643 544 1680 quod
568 1643 669 1679 plane
693 1641 751 1670 isti
774 1641 895 1670 dicunt
916 1640 1006 1676 quod
1030 1647 1121 1668 mare
1144 1640 1196 1667 est
1218 1638 1326 1667 multo
1358 1637 1463 1666 altius
1496 1636 1638 1674 terra7),
1661 1638 1695 1665 et
1717 1636 1806 1672 quod
1832 1635 1962 1664 virtute
1984 1635 2105 1664 divina
2127 1636 2264 1664 tenetur

294 1706 384 1726 mare
411 1705 453 1726 ne
480 1695 698 1733 cooperiatur=
726 1697 828 1731 terra,
857 1696 891 1723 et
920 1694 987 1722 ista
1016 1692 1142 1730 positio
1172 1691 1311 1720 videtur
1341 1691 1485 1719 multum
1515 1697 1663 1719 consona
1692 1690 1883 1726 scripturae
1911 1697 2112 1725 sacrae....;
2135 1689 2204 1723 sed,
2225 1690 2264 1717 ut

294 1760 397 1788 supra
419 1750 579 1783 diximus,
602 1749 713 1778 frusta
733 1748 922 1777 recurritur
943 1747 987 1776 ad
1009 1746 1223 1782 miraculum,
1239 1745 1374 1781 quando
1398 1751 1577 1780 possumus
1599 1743 1805 1779 scripturam
1828 1751 1958 1772 sacram
1973 1742 2180 1771 naturaliter
2202 1742 2262 1771 sal-

297 1815 385 1843 vare,
408 1806 511 1835 immo
534 1804 673 1833 videtur
694 1802 892 1839 Augustino
916 1801 1060 1829 multum
1083 1798 1332 1828 inconveniens
1355 1798 1391 1826 in
1415 1797 1589 1834 principio
1611 1796 1647 1826 2st
1672 1804 1775 1832 super
1790 1796 1921 1833 Genes„
1943 1796 2034 1833 quod
2050 1795 2086 1824 in
2103 1795 2264 1832 operibus

294 1869 352 1890 sex
374 1860 506 1889 dierum
530 1857 588 1887 ubi
612 1857 775 1886 instit-uta
797 1857 849 1884 est
864 1856 996 1890 natura,
1013 1860 1226 1883 recurramus
1246 1852 1288 1880 ad
1306 1851 1508 1880 miraculum
1525 1852 1644 1879 contra
1660 1852 1816 1878 naturam
1831 1847 1868 1886 ⁸).
1886 1849 2030 1879 Constat
2045 1850 2160 1878 autem
2176 1848 2266 1885 quod

293 1923 382 1951 aqua
404 1916 437 1942 et
460 1920 558 1942 omne
584 1910 761 1939 humidum
784 1911 836 1938 est
868 1908 954 1936 male
984 1906 1203 1936 terminabile
1232 1905 1380 1934 termino
1409 1904 1559 1941 proprio,
1589 1904 1746 1932 naturale
1777 1906 1829 1932 est
1858 1903 1949 1932 enim
1979 1903 2069 1939 quod
2099 1910 2187 1938 aqua
2216 1901 2268 1930 de-

295 1968 436 1997 scendat
458 1968 491 1995 et
513 1965 633 1995 tendat
655 1964 698 1993 ad
720 1963 848 1992 infima.
872 1961 909 1991 si
933 1969 1013 1997 ergo
1035 1968 1123 1996 aqua
1146 1961 1236 1989 esset
1258 1959 1307 1987 sic
1330 1959 1537 1995 congregata
1559 1957 1595 1986 in
1616 1957 1753 1986 modum
1776 1956 1954 1986 cuiusdam
1977 1955 2102 1992 acervi,
2126 1958 2159 1984 et
2180 1958 2269 1984 esset

294 2022 343 2050 sic
366 2020 468 2049 altior
497 2022 598 2054 terra,
627 2020 747 2047 contra
779 2018 936 2045 naturam
964 2015 1139 2043 teneretur
1170 2012 1260 2049 quod
1287 2020 1354 2041 non
1385 2011 1619 2047 cooperiretur
1648 2013 1750 2045 terra,
1780 2012 1814 2039 et
1843 2010 1932 2046 quod
1962 2011 2081 2039 contra
2110 2010 2268 2038 naturam

300 2079 389 2106 esset
411 2073 550 2110 aliquod
572 2073 787 2108 perpetuum,
809 2071 842 2098 et
864 2068 953 2105 quod
976 2075 1109 2103 semper
1132 2066 1181 2095 sic
1203 2067 1379 2095 teneretur
1407 2073 1495 2101 aqua
1525 2066 1644 2093 contra
1676 2066 1834 2092 natura-m
1864 2071 1970 2098 suam,
1992 2063 2130 2091 videtur
2157 2062 2269 2091 incon-

302 2130 453 2163 veniens,
478 2127 557 2164 quia
579 2125 765 2155 secundum
788 2130 905 2152 omnes
925 2122 1080 2150 doctores
1104 2121 1196 2149 Deus
1219 2119 1268 2148 sic
1292 2118 1513 2147 administrat
1543 2117 1648 2153 entia,
1678 2119 1716 2146 ut
1746 2117 1902 2153 proprios
1931 2124 2050 2145 cursus
2077 2123 2177 2152 agere
2200 2123 2268 2144 non

301 2184 391 2213 sinat
415 2183 457 2211 ad
479 2184 673 2217 tempus....
696 2178 755 2207 sed
777 2176 867 2213 quod
890 2183 1023 2210 semper
1038 2177 1071 2203 et
1088 2175 1253 2210 perpetuo
1269 2173 1317 2201 sic
1334 2174 1518 2201 teneantur
1533 2179 1653 2207 aquae,
1669 2172 1702 2199 et
1717 2170 1806 2206 quod
1823 2171 1942 2199 contra
1958 2171 2114 2198 naturam
2137 2168 2269 2205 aliquid

301 2238 345 2266 sit
368 2238 582 2273 perpetuum,
609 2236 643 2261 ut
668 2232 815 2266 videtur,
839 2238 905 2259 non
928 2229 1027 2258 decet
1048 2227 1202 2256 divinam
1226 2226 1442 2262 sapientiam.
1468 2225 1566 2261 Ihm„
1589 2226 1681 2253 carte
1705 2224 1785 2252 112⁸:
2219 2215 2220 2219 ¹

382 2289 529 2319 ....licet
544 2288 749 2316 elementum
766 2284 870 2313 faciat
887 2291 981 2312 suam
999 2282 1187 2318 sphaeram,
1198 2282 1233 2308 et
1248 2279 1437 2308 circumdet
1452 2279 1656 2307 elementum
1673 2277 1829 2313 superius
1846 2278 1953 2305 totum
1971 2276 2174 2305 elementum
2189 2275 2270 2304 infe-

302 2344 384 2379 rius,
406 2345 444 2371 ut
466 2341 557 2379 ignis
581 2340 687 2369 faciat
709 2347 804 2367 suam
827 2337 1004 2373 sphaeram
1028 2336 1062 2364 et
1083 2333 1271 2362 circumdet
1293 2335 1400 2362 totam
1422 2334 1560 2368 terram,
1575 2331 1633 2360 sed
1649 2339 1736 2368 aqua
1751 2332 1785 2360 et
1800 2333 1891 2359 terra
1907 2330 2040 2358 faciunt
2055 2329 2152 2366 quasi
2168 2337 2269 2358 unam

302 2398 489 2434 sphaeram.
514 2393 784 2431 Imaginahimur
806 2390 943 2427 quidem
959 2389 1049 2425 quod
1065 2391 1156 2417 terra
1171 2387 1274 2415 habet
1289 2394 1384 2415 suam
1408 2386 1549 2414 formam
1569 2385 1760 2420 rotundam,
1776 2392 1877 2420 super
1894 2384 1979 2412 hanc
1997 2385 2109 2412 autem
2127 2383 2269 2411 formam

304 2451 481 2480 rotundam
516 2453 567 2478 est
598 2456 664 2476 una
694 2453 816 2482 magna
845 2443 1035 2479 gibbositas
1067 2442 1137 2470 alta
1166 2443 1200 2469 et
1229 2441 1374 2475 elevata,
1401 2442 1434 2468 et
1464 2439 1499 2467 in
1532 2439 1595 2467 hac
1628 2437 1837 2474 gibbositate
1867 2437 1971 2466 etiam
2002 2437 2036 2465 in
2066 2436 2176 2465 forma
2207 2435 2270 2464 hac

304 2504 448 2534 rotunda
483 2508 593 2531 terrae
627 2502 705 2529 811111
740 2498 838 2527 multi
874 2499 1003 2525 montes
1025 2498 1059 2524 et
1082 2495 1208 2523 multae
1242 2493 1478 2529 gibbositates,
1510 2491 1760 2527 concavitates3
1793 2491 1868 2527 ipsa
1903 2490 2040 2527 quidem
2079 2489 2270 2526 gibbositas

304 2562 443 2595 propter
465 2557 515 2586 sui
540 2554 758 2585 altitudinem
783 2554 816 2580 et
839 2550 1066 2580 elevationem
1090 2549 1242 2577 remanet
1264 2547 1370 2581 arida,
1393 2549 1431 2574 ut
1453 2554 1541 2582 aqua
1564 2554 1631 2574 non
1655 2545 1763 2581 possit
1789 2544 1964 2580 cooperire
1986 2546 2095 2573 totum
2119 2542 2267 2577 spacium

303 2616 412 2641 terrae
435 2608 646 2639 habitabilis,
662 2614 748 2643 quae
764 2605 861 2642 quasi
878 2603 1032 2633 continet
1048 2603 1202 2638 quartam
1220 2602 1352 2637 partem
1375 2602 1485 2628 terrae
1497 2599 1534 2635 ⁵),
1555 2599 1591 2627 111
1606 2599 1667 2627 hac
1684 2600 1797 2627 autem
1813 2600 1905 2626 terra
1920 2596 2113 2632 habitabili,
2130 2597 2270 2632 propter

303 2673 380 2694 suas
402 2664 535 2700 aliquas
556 2661 789 2691 concavitates
812 2660 891 2686 sunt
914 2656 1053 2685 flumina
1077 2654 1218 2683 fluentia
1239 2654 1282 2682 ad
1306 2662 1407 2689 mare,
1429 2655 1463 2681 et
1486 2654 1565 2681 sunt
1587 2651 1727 2680 brachia
1750 2651 1867 2687 maris3
1891 2650 2015 2679 matrix
2038 2651 2153 2678 autem
2169 2657 2266 2685 aqua,

305 2719 357 2747 vel
381 2725 538 2753 magnum
563 2722 664 2750 mare,
687 2713 771 2741 facit
793 2720 892 2740 unam
911 2710 1089 2746 sphaeram
1111 2717 1187 2737 cum
1209 2707 1417 2743 gibbositate
1440 2708 1560 2735 terrae.
1584 2705 1671 2734 Ima.
1694 2705 1739 2741 ΙΙ,
1760 2705 1808 2739 25,
1832 2712 1858 2733 c.
1878 2705 1958 2732 114&

434 2811 440 2818 .
477 2788 565 2817 sicut
595 2794 674 2822 ergo
704 2785 814 2813 t'orma
843 2785 953 2810 terrae
984 2780 1130 2810 rotunda
1159 2781 1220 2815 est,
1249 2779 1297 2807 sic
1327 2781 1361 2807 et
1390 2778 1426 2806 in
1455 2777 1603 2806 diversis
1633 2775 1789 2812 partibus
1818 2777 1931 2811 potest
1960 2775 2083 2803 habere
2113 2774 2269 2803 diversas

304 2842 541 2877 gibbos-uates.
563 2840 651 2868 idest
681 2838 836 2866 diversos
860 2837 1006 2864 montes:
1024 2835 1159 2870 praeter
1174 2835 1287 2861 tamen
1312 2834 1443 2860 montes
1466 2830 1569 2859 habet
1591 2829 1761 2866 quandam
1785 2837 1940 2865 magnam
1964 2827 2207 2864 gibbositatem
2233 2826 2269 2854 111

405 2958 423 2985 ¹)
443 2957 511 2979 lit-co
530 2955 630 2985 perche
649 2954 706 2977 ΓΛ.
726 2952 802 2975 111-1111,
821 2951 939 2981 Quaestio
958 2957 1011 2972 11011
1031 2949 1160 2971 ammette
1178 2949 1254 2970 terra
1270 2953 1377 2969 emersa
1395 2946 1466 2969 ultre
1485 2946 1504 2968 il
1522 2945 1575 2968 67st
1593 2945 1621 2968 «li
1640 2944 1791 2968 latitudine
1810 2944 1889 2966 nord.

399 3004 422 3029 ²)
441 3002 466 3024 si
486 3000 630 3026 conclude,
649 2999 698 3021 8118
717 2998 803 3026 lungo
822 2996 848 3019 la
866 3002 915 3019 sua
932 2993 1100 3018 trassazione
1119 2992 1249 3015 I'Autore
1267 2991 1343 3013 della
1366 2992 1486 3021 Quaestio
1509 2990 1557 3019 piu
1576 2997 1670 3019 spesso
1693 2996 1747 3012 11011
1764 2989 1793 3012 fa
1810 2988 1860 3011 che
1878 2988 2045 3011 ‹iimostrare
2063 2987 2239 3010 aeut-amente
2256 2993 2269 3009 e

305 3047 522 3075 sapit-memento
540 3045 582 3067 cio
600 3044 649 3066 che
667 3044 685 3067 il
705 3044 846 3072 Campano
863 3042 991 3065 afferma:
1010 3042 1175 3065 determina,
1193 3041 1259 3070 ‹111an
1277 3040 1502 3063 indeterminatum
1523 3039 1644 3066 restabat,
1662 3038 1714 3061 cfr.
1734 3038 1863 3068 Quae-vtio,
1881 3037 1894 3066 ᾧ
1910 3037 1932 3065 Ι,
1951 3037 1974 3060 2.

400 3091 425 3119 ³)
444 3091 474 3113 111
500 3097 536 3112 1111
559 3088 677 3112 articolo
699 3088 728 3111 di
750 3088 886 3117 prossima
912 3086 1123 3116 pubblicazione
1149 3086 1229 3114 patro
1254 3084 1421 3107 dimostrare
1446 3084 1559 3113 quando
1584 3083 1673 3106 debba
1698 3082 1725 3105 la
1749 3082 1865 3105 filosolia
1886 3089 1900 3104 e
1924 3081 1951 3104 la
1973 3081 2083 3105 scienza
2101 3080 2129 3103 di
2148 3080 2236 3103 Dante
2255 3086 2270 3102 a

310 3135 406 3163 ligidio
424 3134 557 3161 Colonna,
576 3134 596 3156 il
616 3133 707 3163 quale.
727 3140 780 3162 pur
798 3132 954 3162 poggiando
972 3131 1044 3155 811118
1063 3130 1140 3154 salue
1159 3129 1217 3153 basi
1235 3129 1279 3152 ‹lel
1300 3131 1419 3152 maestro
1437 3130 1462 3150 S.
1481 3128 1635 3153 Tommaso,
1648 3127 1672 3150 si
1689 3127 1870 3156 compiacque
1887 3126 1916 3149 di
1934 3125 2059 3155 opinioni
2077 3124 2221 3155 originali.

403 3180 425 3206 ¹)
443 3180 533 3201 (lausa
551 3178 635 3200 finale
652 3177 882 3200 dell‘emersioue
900 3177 1042 3201 terrestre.
1061 3173 1305 3198 sostanzialmeute
1324 3173 1446 3196 idcutica
1464 3179 1479 3195 a
1496 3172 1591 3202 quella
1609 3171 1735 3195 indicata
1751 3170 1827 3194 nella
1845 3171 1974 3200 Quaestio,
1992 3170 2004 3198 xS
2021 3169 2124 3192 XVIII.

400 3230 423 3250 ·’)
442 3224 468 3245 Si
487 3223 545 3246 uoti
564 3223 583 3245 il
601 3223 684 3252 quani,
703 3221 752 3244 che
771 3221 927 3244 determina
945 3227 1001 3243 una.
1018 3218 1174 3242 estensionc
1192 3217 1283 3241 simile
1301 3225 1316 3240 a
1334 3217 1430 3246 quella
1447 3218 1594 3246 asseguata
1612 3215 1719 3239 dall’A.
1739 3215 1815 3239 della
1833 3215 1963 3245 Quaestio,
1981 3214 1993 3243 {N
2010 3214 2082 3237 XIX.

399 3268 422 3292 Ἦ
441 3267 498 3290 (Tr.
518 3268 646 3297 Quaestio,
666 3266 755 3296 figura
773 3266 797 3288 al
817 3266 829 3294 §x
847 3265 918 3288 XIX.

416 3315 423 3339 j
441 3312 579 3341 Opinione
597 3311 672 3341 degli
692 3311 840 3334 Avversari
860 3309 966 3332 dell'A.
986 3309 1062 3332 della
1079 3308 1214 3338 Quaestio:
1233 3306 1284 3329 cfr.
1305 3306 1377 3333 ibid,
1396 3307 1407 3335 x}
1426 3306 1462 3334 11,
1481 3313 1539 3336 sgg.

401 3358 424 3383 “)
442 3355 468 3378 si
488 3355 545 3378 noti
563 3356 608 3378 dai
627 3355 717 3378 critici
736 3354 786 3377 che
804 3354 952 3383 ritengouo
970 3352 1134 3376 miracolosa
1154 3351 1179 3374 la
1197 3350 1340 3373 soluzioue
1358 3350 1423 3373 data
1440 3350 1548 3373 dall’A.
1568 3350 1645 3374 della
1663 3351 1791 3380 Quaestio.
