2455 3751
319 226 375 254 180

400 352 491 377 carte
517 350 572 377 ΙΨ.

403 403 476 430 l'ost
515 403 697 429 tractatum
735 400 776 429 ‹lc
812 400 1105 436 predestinatione
1138 403 1171 430 et
1207 409 1275 436 pre-

319 455 461 483 scientia
479 458 513 483 et
528 455 568 483 (16
593 454 752 490 paradiso
769 456 803 483 et
818 455 954 483 inferno
971 453 1029 482 ubi
1048 454 1273 490 predestinati

318 515 349 537 et
365 508 504 543 presciti
521 509 598 536 suut
617 506 765 536 finaliter
781 507 971 536 collocandi
991 508 1112 544 Rogati
1133 517 1151 536 a
1177 508 1274 537 vobis

318 562 454 590 «lemine
478 561 622 589 thaveua
658 561 870 589 intendimus
899 561 940 589 de
973 561 1177 590 formatione
1208 570 1276 590 cor-

319 615 410 651 poris
433 614 570 642 humani
596 614 629 642 in
648 617 800 643 materno
819 617 914 643 utero
932 616 1116 643 tractatum
1134 615 1275 644 edere....

397 725 490 750 carie
511 723 562 750 :5⁹
575 739 580 741 >
594 724 651 750 2¹⁸⁷.

397 776 594 811 Capitulum
628 775 685 804 Vl.
714 792 751 796 —-
780 776 877 811 Quod
909 775 1032 803 mulier
1063 775 1272 812 impregnari

318 831 429 864 potest
452 828 525 857 sine
549 828 731 857 emissione
754 828 945 864 spermatis.

401 881 522 910 Probat
546 885 659 910 autem
679 883 854 917 Averroys
879 882 911 909 iu
935 882 1084 910 secundo
1108 881 1197 910 libro
1220 882 1271 910 sui

317 936 430 971 collig.
455 935 645 964 rationibus
676 935 752 967 VH,
782 935 871 971 quod
909 934 1031 963 mulier
1064 935 1273 971 impregnari

318 992 426 1025 potest
453 989 579 1024 absquc
603 988 914 1025 spcrmatizatione,
930 988 1038 1024 prima
1057 989 1145 1017 ratio
1161 989 1209 1017 sie
1226 998 1275 1016 su—

318 1043 422 1071 mitur
445 1052 483 1071 cx
502 1042 748 1078 cxperimcnto.
763 1042 911 1071 secunda
927 1050 967 1071 ex
985 1042 1194 1070 acti-actione
1213 1050 1275 1070 ma-

317 1096 414 1124 tricis
445 1096 546 1124 tertia
575 1104 614 1124 ex
647 1095 776 1124 vomitu
804 1096 877 1131 ejus
903 1097 1025 1131 quarta
1053 1104 1093 1124 ex
1122 1095 1275 1124 nocibili-

317 1155 386 1178 tate
407 1150 443 1181 (ff)
460 1149 536 1180 viri.
560 1149 679 1185 quinta
697 1157 735 1177 ex
756 1148 1015 1184 principalitatc
1039 1149 1159 1178 cordis.
1177 1151 1272 1177 sexta

316 1211 355 1231 ex
381 1203 592 1231 nutrimento
613 1201 838 1230 membrorum
861 1202 1008 1238 septima
1035 1205 1068 1230 et
1089 1202 1207 1230 ultima
1232 1211 1272 1230 ex

316 1256 461 1292 eoquod
484 1264 617 1291 sperma
641 1255 823 1283 femineum
847 1256 888 1283 de
912 1255 1084 1291 sequenda
1103 1264 1206 1291 super
1232 1256 1274 1285 fe·

316 1310 409 1338 culas
433 1309 534 1337 habet
556 1317 638 1337 esse.

397 1422 491 1446 carte
513 1418 571 1445 δῖ’.

395 1471 593 1506 Capitulum
616 1471 696 1499 Xll.

394 1524 492 1560 Quod
509 1524 637 1553 femina
660 1524 695 1552 in
719 1526 814 1552 utero
830 1523 964 1552 tardius
980 1523 1148 1552 formatur
1170 1532 1271 1560 quam

316 1579 487 1607 masculus
519 1578 578 1607 sed
607 1580 704 1606 extra
736 1579 869 1606 uterum
893 1577 996 1606 eitius
1029 1577 1207 1613 perficitur
1240 1580 1273 1606 et

316 1632 516 1668 completur.

396 1685 431 1713 Si
456 1684 717 1713 considerentur
746 1684 849 1713 verba
882 1684 1076 1721 philosophi
1100 1685 1135 1713 in
1159 1685 1208 1712 IX
1232 1684 1273 1712 de

316 1738 523 1767 animalibus
546 1741 580 1767 et
602 1738 706 1767 etiam
723 1738 826 1767 verba
842 1738 1021 1767 Avieenne
1038 1738 1073 1767 in
1088 1738 1206 1768 eodem
1223 1739 1273 1766 IX

315 1795 426 1829 potest
457 1793 643 1821 masculum
674 1792 709 1820 in
737 1794 834 1821 utero
865 1792 968 1821 citius
999 1792 1138 1821 formari
1172 1801 1272 1829 quam

317 1846 478 1874 feminam
501 1846 558 1875 sed
583 1849 680 1875 extra
702 1848 835 1876 uterum
862 1846 989 1875 femina
1005 1847 1154 1875 maseulo
1169 1846 1273 1875 eitius

316 1900 492 1936 perficitur
514 1903 546 1929 et
570 1901 760 1936 completur
782 1902 879 1930 extra
903 1900 1039 1937 quidem
1063 1902 1196 1929 uterum
1221 1908 1273 1929 ex-

315 1954 506 1990 perimento
543 1954 698 1983 videmus
731 1954 819 1991 quod
854 1962 976 1991 eorpus
1008 1954 1135 1983 femine
1169 1954 1273 1983 eitius

316 2009 491 2044 perficitur
521 2011 553 2037 et
576 2009 678 2037 etiam
709 2009 745 2037 in
775 2011 872 2037 utero
902 2008 1136 2044 experimento
1160 2008 1271 2037 visum

315 2067 366 2090 est
394 2062 484 2098 quod
514 2062 541 2090 si
567 2063 625 2091 fiat
654 2062 794 2091 abortus
824 2062 966 2091 masculi
990 2065 1023 2091 et
1045 2062 1105 2090 fiat
1126 2062 1161 2091 in
1185 2070 1272 2098 aqua

317 2115 473 2152 frigida...

394 2226 486 2251 carte
508 2225 566 2252 44'.

395 2276 594 2313 Capitulum
611 2277 732 2305 XVIII
750 2277 785 2305 in
802 2285 867 2312 quo
883 2277 997 2313 agitur
1013 2285 1078 2313 que
1102 2277 1148 2305 sit
1170 2285 1271 2305 eausa

316 2330 582 2359 masculinitatis
604 2333 637 2359 et
657 2339 721 2366 que
737 2330 944 2359 feminitatis
961 2334 993 2359 et
1011 2330 1100 2359 unde
1115 2332 1166 2359 est
1182 2330 1271 2366 quod

315 2392 382 2413 non
406 2392 539 2420 semper
568 2392 672 2420 agens
699 2383 867 2413 assimilat
890 2383 956 2412 sibi
980 2392 1115 2419 passum
1133 2386 1165 2412 et
1182 2385 1271 2420 quod

314 2446 379 2466 non
405 2446 538 2473 semper
559 2440 768 2473 generantur
791 2437 944 2466 maseuli.

397 2491 558 2520 Volentes
581 2491 715 2519 tradere
739 2499 874 2519 ‹Jausam
892 2491 1159 2519 masculinitatis
1179 2494 1212 2519 et
1230 2492 1272 2520 fe-

315 2544 484 2573 minitatis
507 2544 659 2573 dicemus
682 2545 782 2579 hujus
804 2544 948 2582 {causam
979 2552 1049 2573 esse
1080 2545 1269 2573 dominium

314 2599 496 2634 spermatis
520 2598 638 2627 matris
661 2606 762 2635 super
786 2601 995 2627 menstruum
1026 2599 1153 2628 femine
1184 2599 1272 2627 idest

315 2652 505 2680 dominium
527 2652 661 2688 agentis
683 2660 786 2688 super
805 2652 992 2681 materiam.
1009 2653 1083 2681 Non
1100 2652 1190 2681 enim
1207 2652 1272 2680 erit

315 2706 415 2741 liujus
437 2714 538 2734 eausa
560 2706 650 2734 actio
672 2705 886 2734 dominorum
910 2706 1084 2741 agentium
1115 2708 1151 2734 ut
1180 2706 1272 2734 visus

315 2762 364 2787 est
390 2760 476 2788 velle
499 2759 655 2795 galienus
686 2768 814 2795 ponens
837 2768 969 2795 sperma
996 2760 1121 2789 fcmiue
1147 2759 1271 2788 habere

316 2813 481 2841 rationem
506 2813 654 2842 activi....

397 2923 488 2949 carte
510 2921 568 2949 55⁷.

447 2974 510 3002 tibi
535 2975 592 3011 qui
610 2978 659 3003 est
676 2977 771 3003 actor
787 2978 819 3004 et
836 2975 994 3004 conditor
1010 2974 1120 3004 omnis
1136 2975 1180 3003 sit
1199 2975 1271 3003 laus

317 3027 423 3056 liouor
445 3031 476 3056 et
500 3028 609 3063 gloria
634 3029 667 3056 in
691 3029 803 3057 secula
827 3029 1028 3057 seculorum.
1050 3030 1172 3057 Amen.

401 3134 543 3170 1-:spli‹=it
566 3138 732 3164 tractatus
755 3135 796 3164 de
820 3135 1024 3164 formatione
1047 3135 1205 3164 hominis.

979 228 1025 250 LA
1047 228 1226 255 QUAESTIO
1249 229 1297 251 DE
1320 229 1420 256 AQUA
1444 229 1488 251 ΕΤ
1511 230 1633 253 TERRA

1412 402 1493 430 Post
1529 403 1713 431 tractatum
1749 403 1790 432 de
1828 405 2119 440 predestinatione
2151 410 2185 435 et
2219 415 2289 443 pre-

1330 454 1476 483 scientia
1492 457 1526 483 et
1541 454 1583 484 de
1599 455 1759 491 paradiso
1774 458 1808 486 et
1824 457 1960 487 inferno
1976 457 2032 487 ubi
2060 459 2286 495 predestinati

1331 510 1363 536 et
1380 507 1521 543 presciti
1537 510 1618 536 sunt
1633 508 1782 538 finaliter
1804 508 2022 547 colloqfiendi
2045 512 2169 549 Rogati
2193 521 2211 541 a
2235 521 2289 542 vo-

1330 559 1385 588 bis
1395 560 1534 590 domine
1550 561 1700 590 thauena
1715 562 1927 592 intendimus
1943 564 1985 593 de
1997 564 2205 594 formatione
2216 574 2285 595 eor-

1332 613 1424 649 poris
1446 614 1585 643 humani
1603 615 1638 644 in
1662 620 1815 645 materno
1832 619 1928 646 utero
1944 619 2129 647 tractatum
2145 619 2289 648 edere...

1410 774 1608 809 Capitulum
1645 775 1701 803 Vl.
1730 792 1768 796 —
1796 776 1895 811 Quod
1925 777 2047 805 mulier
2076 777 2285 814 impregnari

1331 829 1444 862 potest
1466 828 1540 856 sine
1562 828 1745 858 emissione
1768 830 1931 865 spermati
1955 831 2044 866 (sic).

1414 880 1537 909 l'robat
1562 884 1675 910 autem
1697 883 1871 919 Averroys
1894 883 1929 911 in
1952 884 2100 912 seeundo
2123 884 2211 913 libro
2234 885 2287 913 sui

1329 934 1468 969 colliget
1492 935 1684 964 rationibus
1706 936 1773 964 VII
1803 936 1893 972 quod
1924 937 2046 966 mulier
2072 937 2284 974 impregnari

1332 990 1443 1024 potest
1472 988 1598 1024 absque
1628 989 1941 1025 spermatizatione.
1971 990 2085 1019 Prima
2117 991 2205 1020 ratio
2237 999 2287 1020 su-

1331 1041 1435 1070 mitur
1467 1050 1507 1070 ex
1538 1043 1785 1078 experimento.
1815 1044 1969 1072 secunda
2003 1052 2043 1072 ex
2079 1044 2287 1073 attractione

1330 1095 1494 1124 matrinis.
1516 1095 1631 1124 Tertia
1647 1104 1687 1124 ex
1706 1096 1837 1125 vomitu
1851 1097 1934 1133 ejus.
1949 1097 2081 1132 Quarta
2097 1106 2137 1126 ex
2155 1098 2286 1127 necessi

1330 1151 1401 1177 tate
1424 1149 1502 1178 viri.
1525 1149 1654 1185 Quinta
1677 1158 1717 1178 ex
1750 1150 2009 1186 principalitate
2039 1151 2161 1187 cordis,
2191 1154 2288 1180 sexta

1330 1210 1370 1231 ex
1396 1202 1605 1231 nutrimento
1630 1203 1855 1232 membrorum
1878 1203 2025 1240 septima
2047 1207 2081 1233 et
2104 1204 2225 1233 ultima
2244 1212 2285 1233 ex

1329 1264 1368 1284 eo
1391 1255 1480 1291 quod
1497 1264 1631 1291 sperma-
1654 1256 1840 1284 femineum
1864 1257 1905 1285 (le
1928 1257 2100 1293 sequenda
2122 1266 2224 1294 super
2244 1258 2290 1286 fe-

1330 1309 1424 1337 oulas
1447 1309 1548 1338 habet
1571 1318 1653 1338 esse.

1409 1470 1607 1506 Capitulum
1631 1471 1710 1499 XII.

1409 1524 1507 1558 Quod
1529 1524 1658 1552 femina
1678 1524 1713 1552 in
1728 1527 1826 1554 utero
1841 1525 1974 1553 tardius
1998 1525 2164 1554 formatur
2187 1533 2287 1561 quam

1329 1577 1516 1606 masculus:
1548 1578 1607 1606 sed
1640 1580 1737 1607 extra
1765 1580 1899 1607 uterum
1928 1579 2032 1607 eitius
2055 1578 2232 1615 perfieitur
2253 1580 2288 1607 et

1328 1632 1452 1660 cetera.

1409 1684 1446 1713 Si
1468 1685 1728 1714 considerentur
1751 1685 1855 1714 verba
1878 1685 2072 1722 philosophi
2101 1686 2135 1714 in
2165 1686 2216 1714 lx
2246 1685 2288 1714 de

1329 1738 1537 1767 animalibus
1559 1741 1593 1768 et
1614 1738 1718 1768 etiam
1742 1739 1846 1768 verba
1868 1739 2034 1768 avioenne
2050 1739 2086 1767 in
2103 1739 2220 1768 eodem
2236 1739 2289 1767 IX

1329 1794 1441 1828 potest
1472 1792 1657 1821 masculum
1688 1792 1723 1820 111
1753 1794 1850 1821 utero
1882 1792 1986 1821 citius
2016 1792 2157 1821 formari
2186 1800 2288 1828 quam

1329 1845 1493 1875 feminam
1522 1846 1580 1874 sed
1610 1848 1708 1875 extra
1737 1848 1871 1875 uterum
1904 1845 2033 1875 femina
2066 1846 2215 1875 masculo
2245 1846 2288 1875 ei-

1330 1899 1399 1928 tius
1432 1899 1608 1936 perfieitur
1643 1902 1676 1928 et
1712 1900 1903 1936 completur
1925 1902 2023 1929 extra
2052 1900 2190 1936 quidem
2217 1902 2286 1929 ute-

1329 1962 1403 1982 rum
1433 1954 1669 1990 experimento
1702 1954 1859 1983 videmus
1891 1954 1980 1990 quod
2010 1962 2133 1990 eorpus
2159 1953 2287 1982 femine

1329 2007 1433 2036 eitius
1462 2008 1639 2044 perficitur
1668 2011 1702 2036 et
1734 2007 1837 2036 etiam
1867 2008 1902 2036 in
1931 2010 2028 2036 utero
2051 2007 2287 2043 experimento

1330 2062 1441 2090 visum
1471 2064 1522 2090 est
1551 2061 1641 2098 quod
1671 2062 1698 2090 si
1730 2062 1788 2090 fiat
1815 2061 1955 2091 abortus
1983 2061 2125 2090 masculi
2161 2063 2195 2090 et
2227 2062 2288 2089 fiat

1329 2115 1364 2143 111
1387 2124 1475 2151 aqua
1497 2115 1666 2152 frigida...

1408 2275 1605 2312 Capitulum
1624 2276 1742 2304 XVIIl
1762 2276 1797 2304 111
1813 2284 1879 2311 quo
1895 2275 2010 2312 agitur
2029 2283 2093 2311 que
2117 2275 2163 2303 sit
2184 2282 2289 2303 eausa

1329 2330 1595 2358 masculinitatis
1611 2332 1645 2358 et
1660 2338 1724 2366 quc
1741 2329 1948 2358 feminitatis
1963 2330 1996 2357 et
2011 2328 2101 2357 unde
2123 2330 2175 2357 est
2196 2328 2287 2364 quod

1328 2391 1395 2412 11011
1418 2391 1551 2419 semper
1572 2391 1676 2420 agens
1698 2382 1867 2411 assimilat
1890 2382 1957 2411 sibi
1981 2389 2117 2418 passum
2140 2383 2174 2410 et
2195 2381 2286 2418 quod

1327 2445 1395 2465 non
1418 2445 1552 2473 semper
1573 2439 1781 2473 generantur
1803 2436 1956 2465 maseuli.

1410 2490 1570 2518 Volentes
1608 2489 1740 2519 tradere
1774 2498 1909 2518 causam
1947 2488 2220 2518 masculinitates
2253 2491 2288 2516 et

1328 2544 1535 2573 feminitatis
1556 2544 1709 2572 dicemus
1731 2544 1832 2580 hujus
1851 2551 1987 2572 causam
2004 2550 2076 2571 esse
2096 2542 2287 2571 dominium

1327 2597 1509 2633 spermatis
1539 2597 1658 2626 matris
1687 2605 1790 2633 super
1812 2599 2022 2625 menstruum
2044 2595 2173 2624 femine
2196 2595 2286 2624 idest

1327 2651 1516 2681 dominium
1533 2651 1667 2688 agentis
1682 2659 1784 2687 super
1800 2650 1988 2680 materiam.
2005 2650 2079 2679 Non
2103 2649 2194 2678 euim
2217 2649 2284 2678 erit

1326 2705 1428 2741 hujus
1462 2713 1565 2734 eausa
1600 2705 1690 2733 aetio
1719 2704 1933 2733 dominorum
1963 2703 2139 2740 agentium
2171 2705 2209 2731 ut
2239 2702 2287 2731 vi-

1327 2766 1384 2788 sus
1406 2761 1457 2787 est
1480 2759 1568 2787 velle
1594 2758 1749 2795 galienus
1772 2765 1899 2793 poneus
1925 2764 2060 2792 sperma
2082 2756 2209 2785 femine
2233 2756 2287 2784 ha-

1328 2812 1407 2842 bere
1430 2813 1598 2841 rationem
1621 2811 1770 2840 activi....

1457 2974 1523 3002 tibi
1546 2973 1604 3010 qui
1620 2975 1672 3002 est
1686 2975 1781 3001 actor
1797 2974 1830 3001 et
1846 2971 2004 3000 eonditor
2019 2970 2131 3000 omnis
2147 2970 2193 2999 sit
2209 2971 2284 2999 laus

1327 3028 1433 3057 honor
1455 3031 1489 3056 et
1510 3027 1619 3063 gloria
1643 3027 1678 3055 in
1701 3026 1815 3055 secula
1838 3025 2039 3054 seculorum.
2062 3025 2181 3052 Amen.

1408 3134 1561 3171 Explicit
1580 3134 1748 3162 tractatus
1764 3132 1805 3161 (16
1822 3131 2027 3161 formatione
2043 3130 2200 3160 humanis
2216 3139 2285 3160 cor-

1328 3189 1430 3225 poris.
