2579 3833
897 235 1006 258 'rastro
1030 235 1052 257 n
1075 235 1281 266 COMMENTO,
1301 229 1320 267 ξ
1343 230 1439 263 XXI,
1461 230 1490 265 3,
1512 231 1532 259 4
2138 232 2196 260 159

231 356 398 400 ferrum,
429 355 512 390 sive
540 366 610 402 per
638 356 805 390 modum
834 355 1041 402 pulsionis,
1071 356 1298 401 generando
1327 367 1494 402 vapores
1521 356 1726 402 pellentes,
1749 359 1792 392 ut
1820 357 1861 391 in
1883 356 2194 403 particularibus

311 478 468 516 generando
492 486 611 514 vapores
637 478 783 514 pellentes:
811 477 894 514 cioe,
923 477 1043 514 vapori
1066 477 1184 514 capaci

231 531 267 560 di
290 531 455 567 produrre
477 539 523 559 un
546 531 754 560 movimento
773 531 975 567 impulsivo:
996 540 1013 559 <‹
1030 529 1183 569 [pulsio]

231 586 292 620 est,
315 592 391 612 cum
414 591 554 613 movens
576 584 661 613 facit
676 584 815 620 aliquod
831 583 956 613 mobile
972 592 992 612 a
1007 592 1041 613 se
1058 584 1184 613 distare

232 637 399 666 movendo
422 648 450 669 ›>,
472 636 503 666 S.
526 637 624 673 TOM.,
646 637 753 675 Phys„
778 637 856 672 Vll,
879 644 935 673 111,
956 639 984 666 5.

313 690 342 718 Il
362 697 500 726 vapore,
523 690 669 719 secondo
692 690 739 727 gli
762 689 953 726 scolastici,
982 690 1119 727 seguaci
1148 690 1183 718 di

231 742 429 779 Aristotele,
446 744 570 779 poteva
586 751 696 772 essere
712 751 849 780 acqueo,
865 751 884 772 0
899 745 1023 772 terreo:
1043 753 1059 770 «
1073 743 1184 772 Scien-

230 796 311 824 dum
320 803 482 831 vaporem
495 804 628 825 omnem
641 804 712 825 esse
725 797 778 825 vel
792 796 834 825 ab
847 804 944 832 aqua,
957 797 1011 824 vel
1025 804 1043 824 a
1055 798 1146 824 terra
1156 806 1182 832 ›>,

231 851 273 878 A.
290 849 434 879 MAGNO.
456 849 543 886 Isagy.
567 851 597 878 in
623 850 746 887 Meter„
772 858 844 886 cap.
867 851 884 878 2
906 850 1019 885 (XXI,
1041 850 1089 885 20,
1111 850 1157 882 2).

311 903 379 931 Era
399 903 559 939 prodotto
581 903 637 932 dal
659 903 767 940 caldo,
789 912 806 932 0
821 903 943 940 quindi
965 903 1071 932 anche
1094 903 1183 931 dalle

229 956 338 993 stelle,
351 956 488 993 poiche:
501 967 517 983 «
530 957 622 985 calor
638 959 671 985 et
684 957 797 986 lumen
809 959 992 994 generatur
1004 965 1024 985 a
1036 956 1145 985 stellis
1157 966 1184 992 »,

230 1009 263 1038 S.
286 1009 382 1041 TOM.,
406 1009 454 1038 De
475 1010 559 1038 coelo
581 1013 609 1038 et
634 1019 683 1047 m.,
709 1010 754 1045 ΙΙ,
777 1017 810 1046 Χ,
832 1011 867 1045 63
888 1009 950 1038 cfr.
972 1011 1013 1038 A.
1040 1009 1183 1045 MAGNO,

230 1063 321 1100 ibid„
346 1063 392 1098 ΙΙ,
414 1069 470 1098 ΙΙΙ,
493 1063 527 1091 3:
551 1074 567 1091 <‹
583 1063 751 1099 quomodo
778 1065 938 1092 causatur
960 1063 1052 1092 calor
1074 1071 1091 1091 3
1115 1062 1185 1098 qui-

232 1115 376 1144 busdam
399 1116 508 1145 stellis
532 1126 559 1145 ›>.

310 1169 438 1204 Questo
459 1169 571 1198 calore
594 1169 764 1206 giungeva
795 1169 848 1198 nel
880 1171 996 1198 centro
1025 1168 1184 1197 (1011711111-

230 1230 346 1252 verso:
375 1233 392 1250 «
417 1223 509 1252 calor
538 1223 706 1252 naturalis
735 1231 776 1251 ex
805 1223 875 1252 sole
905 1224 939 1251 et
967 1221 1045 1251 aliis
1074 1221 1184 1250 stellis

230 1278 439 1312 procreatus,
475 1284 581 1312 usque
609 1276 651 1304 ad
681 1275 829 1304 medium
859 1275 977 1304 muudi
1007 1274 1184 1311 pertingit,

229 1329 344 1358 omnia
356 1329 604 1366 quodammodo
616 1332 876 1365 contemperans
888 1330 922 1358 et
934 1336 1141 1358 conservans
1156 1338 1184 1364 ›>,

229 1383 261 1412 S.
284 1383 380 1419 TOM„
403 1383 452 1412 De
474 1383 557 1412 coelo
580 1386 607 1412 et
630 1392 681 1420 on„
706 1383 751 1419 II,
775 1390 835 1416 xx,
857 1383 892 1417 33
915 1382 991 1410 anzi
1018 1382 1042 1411 il
1072 1382 1184 1411 calore

229 1436 319 1466 della
334 1436 424 1466 sfera
440 1437 586 1473 stellata,
597 1445 617 1465 a
629 1435 813 1465 differenza
825 1435 860 1464 di
874 1436 986 1472 quello
998 1435 1089 1472 degli
1099 1435 1183 1464 astri

228 1498 246 1519 e
262 1490 297 1518 di
313 1492 404 1519 tutto
427 1490 451 1518 il
475 1490 561 1519 cielo
583 1489 755 1526 giungeva
772 1489 896 1526 meglio
911 1489 944 1517 al
960 1491 1077 1518 centro
1093 1489 1183 1518 della

235 1546 328 1573 terra
349 1543 410 1572 che
442 1543 591 1572 altrove:
613 1553 631 1570 <‹
657 1542 842 1572 secundum
871 1542 962 1579 quod
992 1542 1084 1571 calor
1111 1550 1184 1571 cau<

229 1599 325 1625 satur
347 1596 383 1625 in
413 1595 638 1625 inferioribus
659 1595 860 1632 corporibus
889 1604 930 1624 ex
960 1590 1185 1624 motu'astro·

229 1658 304 1678 rum
326 1652 359 1678 et
382 1649 488 1678 totius
508 1649 605 1685 coeli,
625 1657 768 1685 corpora
784 1649 1030 1686 propinquiora
1050 1650 1184 1678 coelo....

228 1704 308 1732 sunt
330 1702 513 1732 calidiora:
543 1703 729 1732 secundum
758 1704 848 1740 quod
877 1712 918 1733 ex
949 1703 1079 1732 lumina
1109 1703 1184 1732 stel-

228 1756 338 1784 larum
354 1758 514 1785 causatur
529 1756 630 1793 calor,
647 1758 727 1785 sunt
749 1756 915 1785 calidiora
937 1765 976 1785 ea
999 1764 1084 1792 quae
1105 1758 1183 1785 sunt

229 1809 357 1845 infima,
378 1809 459 1845 quia
474 1809 511 1838 in
527 1809 764 1846 superioribus
787 1809 988 1839 reflexiones
1011 1809 1183 1838 radiorum

228 1863 336 1899 magis
346 1863 591 1899 disperguntur
600 1872 627 1899 ›>,
637 1862 776 1897 S.TOM.,
786 1863 834 1891 De
843 1863 926 1892 coelo
939 1865 967 1891 et
976 1872 1026 1899 m„
1038 1862 1084 1897 ΙΙ,
1094 1863 1183 1899 x,12.

309 1973 336 1999 ut
358 1971 382 1999 in
407 1970 619 2007 particularibus
643 1970 896 1999 montuositatihus:
930 1972 1001 1999 cosi
1023 1970 1129 1999 anche
1159 1970 1183 1999 il

229 2024 417 2060 CAMPANO,
430 2023 588 2061 Sphaera,
602 2031 675 2060 cap.
687 2023 732 2052 V:
746 2034 762 2051 «
775 2023 864 2060 quod
874 2026 1018 2060 apparet
1030 2024 1071 2052 de
1083 2026 1184 2059 terra,

229 2077 359 2107 factum
381 2079 431 2106 est
448 2085 627 2113 resurgens
649 2077 684 2105 in
700 2077 813 2106 medio
829 2077 1068 2106 universitatis
1086 2085 1184 2113 aqua-

231 2140 314 2164 rum.
337 2131 621 2168 quemadmodum
648 2131 683 2160 in
706 2131 864 2168 pluribus
886 2131 970 2160 locis
997 2134 1185 2168 exsurgunt

229 2185 361 2215 insulae
384 2193 486 2221 super
508 2193 600 2213 mare
622 2194 649 2213 ›>,
673 2184 859 2213 Aristotele
880 2192 896 2213 e
913 2184 995 2213 tutti
1012 2184 1059 2221 gli
1076 2184 1185 2213 Scola-

229 2239 307 2268 stici
320 2240 528 2267 ammettono
542 2238 617 2267 che:
633 2248 650 2266 «
663 2246 807 2274 vapores
823 2238 926 2267 calidi
943 2238 1002 2267 diu
1016 2238 1051 2266 in
1064 2240 1183 2267 ventre

228 2296 340 2321 terrae
353 2292 619 2329 congregatis....,
635 2291 832 2327 frequenter
848 2294 1032 2327 erumpunt
1047 2292 1082 2320 in
1096 2300 1185 2320 mon·

228 2348 280 2375 tes
294 2346 382 2375 altos
398 2356 425 2381 ›>,
441 2346 482 2374 A.
496 2345 640 2380 MAGNO,
652 2346 700 2373 De
714 2348 777 2374 nat.
792 2345 898 2383 locor„
915 2346 940 2381 Ι,
955 2347 973 2373 δ
985 2345 1042 2382 (V,
1053 2346 1122 2381 273,
1134 2346 1183 2382 1);

228 2415 268 2419 —
279 2408 296 2426 «
309 2400 432 2427 ventus
448 2397 502 2437 [z
518 2406 624 2434 vapor
637 2397 763 2437 siccus]
782 2397 918 2427 fortiter
934 2398 1184 2434 multiplicatus

229 2455 264 2482 et
292 2453 444 2489 agitatus
473 2452 585 2481 elevat
614 2452 765 2480 locum....
798 2451 834 2480 in
868 2451 1006 2480 sublimi
1037 2455 1069 2481 et
1098 2452 1185 2481 facit

230 2508 362 2535 montes
378 2516 404 2536 ›>,
422 2506 482 2542 lD.‚
500 2506 547 2534 De
558 2514 654 2543 prop.
670 2505 821 2542 clement„
839 2505 883 2541 ΙΙ,
900 2512 923 2540 1,
938 2506 956 2533 5
974 2506 1032 2542 (V,
1047 2506 1115 2542 327,
1131 2506 1184 2541 2);

230 2559 319 2595 verli,
344 2560 422 2588 ibid.
438 2560 528 2587 tutto
545 2558 569 2586 il
585 2567 658 2594 cap.
674 2560 691 2586 4
709 2567 725 2587 e
741 2560 769 2593 5,
785 2558 871 2587 dove
889 2558 917 2587 si
934 2559 1029 2594 parla
1045 2567 1065 2587 3
1081 2559 1184 2595 lungo

230 2613 320 2641 della
341 2612 549 2642 formazione
572 2612 627 2641 dei
651 2612 773 2641 monti:
794 2629 832 2632 —
849 2623 864 2638 «
882 2620 948 2641 non
965 2615 1016 2641 est
1032 2612 1185 2649 dubium,

230 2666 313 2702 quin
330 2667 452 2695 ventus
467 2674 508 2694 ex
526 2673 651 2702 vapore
671 2673 786 2702 grosso
810 2665 845 2693 in
868 2665 1058 2694 visceribus
1074 2667 1184 2694 terrae

229 2721 421 2756 generatus,
454 2719 561 2755 possit
598 2727 733 2748 movere
768 2721 905 2755 terram,
937 2721 966 2747 01
999 2718 1184 2755 aliquando

230 2773 462 2802 convellere...
480 2782 506 2809 ›>,
529 2773 589 2808 In„
613 2772 785 2809 Methaur„
810 2772 874 2807 ΙΙΙ,
897 2778 935 2808 11,
958 2773 984 2808 6,
1008 2771 1068 2801 cfr.
1092 2774 1183 2801 tutto

230 2826 255 2854 il
277 2826 431 2855 Trattato
454 2826 498 2860 ΙΙ,
521 2826 581 2855 che
601 2826 618 2854 e
635 2836 651 2853 «
668 2826 717 2854 De
734 2827 919 2854 terremotu
936 2835 969 2861 »ς
985 2842 1023 2846 -
1040 2835 1055 2852 «
1073 2825 1185 2854 Motus

230 2881 344 2908 autem
370 2879 601 2915 depressionis
623 2881 656 2908 et
685 2878 889 2908 elevationis
918 2881 1029 2907 terrae
1058 2878 1185 2907 accidit

230 2942 249 2961 a
272 2933 379 2961 multo
401 2941 568 2969 vaporem.
586 2942 601 2959 ›>
626 2933 715 2970 ibid„
733 2932 797 2963 ΙΙΙ,
819 2939 859 2968 11,
879 2932 932 2967 183
956 2942 971 2959 <‹
988 2931 1185 2968 Aliquando

230 2994 338 3015 novas
360 2986 500 3021 insulas,
522 2993 608 3022 quae
631 2985 666 3014 in
689 2993 724 3015 se
750 2993 818 3014 non
849 2985 987 3013 fuerunt
1019 2985 1103 3013 facit
1132 2993 1186 3021 ap-

232 3047 391 3076 parere...
410 3048 437 3075 ›>,
461 3039 550 3077 ibid„
578 3039 642 3069 ΙΙΙ.
672 3046 711 3075 11,
740 3040 793 3074 19;
821 3055 860 3059 -
890 3049 906 3063 «
938 3040 1077 3074 propter
1106 3039 1186 3067 mul-

231 3092 394 3121 titudinis
435 3092 641 3121 exalationis
682 3092 717 3121 in
755 3092 824 3121 illis
861 3092 945 3121 locis
971 3090 1028 3130 [in
1064 3091 1186 3121 insulis

230 3144 353 3184 Aeoli]
377 3145 579 3182 quandoque
601 3147 693 3174 terra
722 3145 849 3181 incipit
878 3145 1105 3174 intumescere
1129 3152 1189 3181 per

232 3199 367 3228 modum
391 3199 529 3228 collis...
544 3208 571 3233 ›>,
587 3199 873 3228 CONTINUATORE
890 3205 927 3226 m
943 3197 975 3227 S.
994 3198 1188 3233 TOMMASO„

232 3252 356 3289 Meter„
382 3252 426 3287 ΙΙ,
450 3258 524 3287 XIV,
547 3252 574 3280 8.
596 3251 666 3288 (ed.
692 3251 804 3280 Vatic.
828 3251 964 3282 Romae,
990 3251 1187 3288 Polyglotta

232 3305 578 3340 MDCCCLXXXVI,
601 3313 633 3340 p.
656 3311 766 3339 Lxxv,
789 3305 850 3333 001.
875 3306 944 3339 19).
