2579 3833
915 245 1023 268 Tasro
1046 245 1070 267 E
1092 245 1298 274 (ῸΜΜΕΝΤΟ,
1321 238 1339 275 ξ
1364 239 1442 274 XX,
1463 240 1492 274 3,
1513 240 1532 267 4
2152 241 2212 269 149

243 366 365 412 ribus,
397 367 447 401 ad
477 366 652 410 effectus,
688 365 771 401 sive
809 366 859 400 ad
896 365 1110 410 intel-lora3
1149 368 1188 400 et
1216 365 1306 400 ideo
1345 367 1546 412 querenda
1585 368 1643 401 est
1681 366 1755 401 illa
1792 366 2003 411 certitudo,
2040 378 2117 413 que
2152 367 2207 402 sic

241 433 554 468 demonstrando
584 433 722 467 haberi
750 434 890 478 potest.
920 430 957 470 4.
988 432 1091 467 Dico
1121 432 1246 478 igitur
1270 433 1375 478 quod
1397 444 1515 467 causa
1535 433 1654 468 huius
1675 433 1912 468 elevationis
1931 433 2104 468 efficiens
2129 444 2206 468 non

239 502 368 546 potest
397 510 478 534 esse
508 501 614 534 terra
643 500 748 545 ipsag
779 499 872 545 quia
903 510 996 534 cum
1025 499 1176 534 elevari
1206 499 1259 534 sit
1287 500 1490 545 quoddam
1522 499 1617 534 ferri
1650 511 1820 545 sursum,
1851 501 1889 534 et
1918 500 2013 534 ferri
2048 511 2206 536 sursum

239 643 386 672 maxime
409 642 520 679 prima
542 646 602 672 est.
625 643 887 672 Mathematicae
913 643 1004 671 enim
1029 642 1195 671 scientiae

239 704 299 732 per
321 696 406 724 hanc
425 696 570 732 primam
587 696 728 732 figuram
746 695 1054 725 demonstrationes
1071 696 1196 726 ferunt.

238 751 276 777 ut
295 748 512 778 arithmetica
528 751 563 777 et
578 749 765 785 geometria
781 751 815 777 et
830 749 1059 785 perspectiva,
1074 750 1108 777 et
1123 748 1194 776 fere

237 802 351 831 dicere
373 804 425 831 est
440 810 661 839 quaecunque
678 804 818 838 propter
833 802 916 838 quid
932 801 1066 830 faciunt
1081 809 1196 837 specu-

238 856 444 884 lationem...
470 855 583 891 Quare
613 858 647 884 et
676 857 816 891 propter
844 855 927 891 quid
956 854 1023 883 erit
1050 854 1195 882 maxime

239 908 370 938 faciens
392 908 497 938 scire:
519 908 794 944 propriissimum
818 908 907 937 enim
938 908 1025 936 scire
1056 909 1195 943 propter

239 962 322 998 quid
345 962 516 998 speculari
540 972 568 998 ›>‚
590 963 724 997 Amsr„
747 962 832 990 Post.
857 961 958 997 anal„
991 961 1016 996 1,
1046 962 1113 988 tex.
1142 961 1195 995 313

238 1015 299 1044 cfr.
322 1015 353 1044 S.
376 1015 560 1051 TOMMASO,
583 1015 668 1044 Post.
691 1015 792 1052 aizal„
818 1015 842 1050 1,
865 1021 889 1049 Ι,
911 1015 959 1043 10.
979 1024 995 1041 «
1012 1013 1194 1042 Mathema-

238 1069 327 1097 ticae
349 1068 516 1097 scientiae
539 1070 619 1097 sunt
641 1067 904 1104 principaliores
926 1067 961 1095 111
989 1067 1195 1095 demonstra-

238 1122 322 1151 tivis
345 1132 378 1158 »3
401 1138 440 1143 —
460 1132 477 1150 <‹
495 1122 533 1150 ln
550 1121 600 1150 eis
613 1130 679 1150 non
697 1122 783 1149 fiunt
799 1119 1109 1149 demonstrationes
1126 1118 1192 1147 nisi

237 1183 277 1204 ex
296 1175 480 1211 principiis
497 1173 651 1213 [causis]
669 1173 872 1203 formalibus
888 1183 914 1209 ›>7
933 1173 1021 1209 ibid„
1038 1173 1063 1209 1,
1080 1174 1193 1208 1V‚1⁴5;

236 1245 275 1249 —
298 1239 314 1255 «
338 1228 534 1257 Necessitas
557 1228 592 1256 in
617 1227 869 1256 mathematicis
900 1229 950 1255 est
980 1235 1000 1255 a
1029 1226 1136 1262 priori
1166 1236 1193 1256 »,

238 1282 326 1319 ibid„
357 1283 382 1319 Ι,
413 1289 503 1312 XLII.
532 1283 567 1318 33
589 1298 628 1302 --
651 1291 667 1309 «
692 1281 932 1310 Δ1131110111111103
957 1282 1035 1308 sunt
1059 1287 1193 1315 semper

238 1344 319 1365 vera
342 1346 368 1373 ›>,
392 1336 478 1368 i'z‘d..
501 1336 527 1371 Ι,
550 1342 639 1365 XLII.
661 1336 689 1363 3.

319 1443 383 1472 Dico
406 1443 486 1481 igitur
501 1443 570 1479 quod
587 1450 683 1472 causa.
701 1444 782 1471 etc:
803 1441 1130 1478 l'argomentazione
1147 1449 1192 1469 se·
1330 1449 1416 1479 Dico
1439 1450 1586 1487 igitur....
1609 1452 1739 1489 quod...
1762 1454 1859 1487 Mon„
1882 1454 1927 1491 ΙΙ,
1949 1455 1977 1484 3.

235 1498 332 1533 gulta
347 1497 405 1533 qui
421 1496 545 1526 dall'A.
558 1496 595 1525 fu
608 1496 854 1525 intravveduta
868 1495 923 1524 dal
936 1495 1058 1524 Boffito
1071 1495 1128 1531 (II,
1143 1496 1190 1526 7412

236 1550 341 1580 molto
363 1550 476 1579 simile
498 1558 517 1578 a
546 1550 603 1578 un’
613 1550 701 1578 altra
734 1549 788 1578 del
819 1549 918 1578 Liber
946 1549 1188 1577 Methawrornm
1330 1557 1414 1587 „500
1437 1566 1516 1595 erg-0
1540 1559 1681 1596 quod....‚
1704 1560 1801 1590 [hl-du
1824 1561 1868 1597 H7
1891 1562 1938 1597 12⁹
1960 1570 1978 1591 e
2000 1563 2142 1592 altrove·

235 1603 270 1632 di
293 1604 397 1632 Paolo
419 1603 552 1632 Veneto
574 1603 659 1639 (sec.
682 1603 776 1640 XV),
798 1611 816 1632 e
845 1602 967 1639 quindi
996 1602 1030 1631 di
1061 1602 1192 1631 deriva-

235 1657 331 1686 zione
361 1659 522 1693 sospetta.
552 1657 639 1686 Pare
669 1657 789 1686 invece
819 1656 982 1685 ricalcata
1011 1664 1049 1685 su
1079 1656 1190 1692 quella

235 1710 270 1739 di
287 1710 342 1739 cui
359 1712 400 1739 A.
417 1711 541 1747 Magno
558 1711 587 1740 si
602 1711 678 1739 vale
696 1719 756 1747 per
771 1710 980 1739 comba-ttere
997 1710 1017 1738 1⁷
1027 1709 1191 1746 opinione

234 1764 295 1793 che
317 1764 342 1792 il
365 1772 457 1793 mare
480 1764 508 1793 si
532 1764 617 1792 muti
641 1764 693 1793 col
714 1766 829 1800 tempo
851 1763 895 1792 da
917 1764 1018 1800 luogo
1040 1772 1057 1792 3
1076 1763 1191 1799 luogo:

236 1828 251 1845 «
275 1818 360 1848 Cum
383 1817 578 1846 huiusmodi
602 1817 810 1846 mutationes
840 1825 942 1846 causa
972 1825 1039 1846 non
1069 1816 1115 1845 sit
1145 1817 1192 1845 in-

235 1873 338 1901 venta
365 1871 401 1900 in
431 1871 665 1908 inferioribus,
694 1873 830 1907 oportet
858 1870 949 1907 quod
978 1870 1024 1899 sit
1052 1874 1190 1899 causata

234 1924 277 1953 ab
300 1924 416 1961 aliquo
446 1926 539 1953 motu
573 1924 737 1960 sphaerae
770 1924 996 1954 coelestis....
1029 1924 1066 1952 Si
1100 1924 1189 1953 enim

234 1980 497 2014 permutaretur,
516 1980 576 2007 aut
595 1980 793 2014 sequeretur
809 1977 845 2006 in
862 1978 1114 2014 permutatione
1130 1987 1191 2007 sua

233 2031 350 2060 orbem
373 2032 514 2060 lunae...
537 2031 605 2060 Aut.
626 2031 800 2060 diceretur
815 2031 889 2060 fieri
906 2033 1046 2068 propter
1063 2034 1191 2061 motum

230 2084 404 2121 Mercurii,
428 2085 482 2114 vel
504 2084 660 2119 Veneris,
677 2086 770 2114 etc....
787 2086 859 2113 Aut
874 2084 1046 2114 accideret
1063 2093 1103 2114 ex
1121 2093 1181 2121 per

232 2138 423 2167 mutatione
446 2137 576 2167 Solis...
599 2138 791 2174 Saturni....,
813 2140 873 2166 aut
889 2140 1088 2167 causaretur
1104 2138 1191 2168 illud

232 2200 292 2228 per
314 2194 443 2221 motum
466 2192 642 2220 stellarum
666 2192 850 2220 fixarum....
868 2201 895 2228 »,
917 2193 957 2220 A.
981 2192 1125 2225 MAGNO,
1142 2193 1191 2221 De

227 2254 324 2283 prop.
347 2245 445 2281 elem„
468 2245 494 2281 Ι,
516 2251 557 2280 11,
579 2247 597 2272 2
620 2244 678 2281 (V,
699 2245 767 2280 301,
794 2245 843 2281 2).
873 2244 909 2274 Si
939 2245 1012 2274 noti
1044 2245 1100 2281 poi
1131 2246 1191 2274 che

234 2298 564 2334 l'argomentazione
588 2297 622 2326 di
647 2297 791 2327 Alberto
814 2298 842 2333 0,
865 2298 900 2326 111
929 2302 1093 2335 rapporto
1123 2299 1189 2328 alla

234 2352 395 2388 Quaestio,
418 2351 479 2387 piu
502 2350 677 2387 compiuta
692 2350 727 2380 di
744 2351 859 2387 quella
874 2351 909 2380 di
926 2352 1030 2381 Paolo
1046 2352 1190 2382 Veneto.

232 2406 258 2434 il
279 2406 379 2442 quale
402 2414 470 2434 non
493 2413 643 2434 accenna
666 2412 843 2434 nemmeno
859 2405 927 2434 alla
942 2405 1136 2441 possibilitii
1154 2406 1189 2435 di

232 2462 369 2489 trovare
392 2459 423 2488 la
447 2466 549 2487 causa
572 2458 661 2487 nelle
684 2466 760 2487 cose
783 2458 952 2495 inferiori,
978 2459 1067 2488 ossia
1097 2460 1189 2497 neg-li

232 2513 405 2542 elementi.

310 2567 371 2595 Pel
394 2568 550 2595 concetto
573 2565 693 2594 ‹leriva
716 2565 757 2594 da
782 2574 850 2594 una
872 2566 981 2595 teoria
1000 2566 1081 2595 trita
1100 2567 1189 2596 nella

232 2619 434 2649 Scolastica:
445 2629 460 2647 <‹
471 2619 558 2648 Sunt
570 2619 736 2655 quaedam
750 2619 966 2655 operationes
980 2620 1189 2649 naturalium

232 2681 422 2709 corporum,
445 2681 531 2709 quae
554 2681 573 2701 a
589 2671 778 2701 virtutibus
795 2673 1039 2701 elementorum
1056 2674 1190 2703 causari

233 2735 301 2756 non
323 2729 496 2762 possunt...
519 2728 655 2762 oportet
678 2725 784 2762 igitur
807 2726 892 2755 tales
915 2726 1067 2756 actiones
1090 2727 1126 2756 in
1147 2729 1190 2757 al-

232 2780 322 2809 tiora
345 2779 520 2815 principia
543 2779 751 2808 deducerem.
775 2789 801 2809 ».
825 2779 857 2809 S.
879 2779 976 2816 Tou„
1000 2780 1124 2816 Opusc.
1146 2782 1190 2809 De

233 2833 366 2862 occultis
397 2841 484 2870 oper.
517 2835 665 2868 naturae,
701 2832 736 2860 in
779 2832 894 2869 Opera,
935 2833 1061 2862 Romae
1103 2835 1189 2868 1593,

233 2886 324 2915 Tom.
347 2886 461 2916 XVII.
483 2894 510 2914 0.
532 2886 611 2922 213““,
634 2886 696 2914 001.
718 2886 777 2921 2.“;
800 2902 838 2906 -
855 2895 870 2913 «
887 2886 1022 2922 aliquae
1038 2886 1190 2916 actiones

234 2940 289 2969 vel
312 2941 422 2968 motus
442 2939 478 2967 in
495 2939 696 2975 corporibus
712 2939 937 2968 inferioribus
953 2939 1190 2970 inveniuntur.

234 3001 320 3029 quae
343 3001 411 3022 non
434 2992 624 3028 procedunt
646 2992 688 3021 ab
707 2992 823 3029 aliqua
840 2993 949 3021 forma
965 2992 1189 3023 inferioribus

234 3045 435 3082 corporibus
464 3045 640 3082 impressa,
667 3046 725 3074 sed
758 3046 866 3075 solum
900 3054 940 3074 ex
975 3047 1187 3082 superiorum

234 3099 410 3135 agentium
434 3098 584 3128 motione
607 3108 634 3128 ›>.
661 3099 719 3133 ID„
741 3099 829 3131 ibid..
852 3107 879 3128 0.
895 3100 976 3135 213¹,
999 3100 1061 3128 col.
1085 3102 1136 3129 11¹.

314 3213 365 3234 non
389 3208 478 3241 potest
500 3213 563 3234 esse
585 3208 662 3234 terra
686 3205 754 3241 ipsa.
786 3209 867 3234 010.ε
895 3216 909 3231 <<
940 3214 977 3234 ea
1009 3214 1094 3242 quae
1124 3215 1191 3235 mo-
1325 3208 1432 3237 Omne
1453 3207 1541 3244 quod
1558 3209 1724 3243 movetur,
1740 3210 1895 3236 movetur
1911 3210 2050 3244 propter
2065 3209 2197 3245 aliquid

236 3262 361 3288 ventur
383 3261 516 3295 natura,
537 3260 575 3287 ut
597 3259 717 3295 gravia
744 3262 777 3287 01
807 3258 908 3293 levia,
938 3262 1119 3288 moventur
1148 3259 1190 3288 ab
1244 3261 1335 3297 quod
1357 3269 1424 3290 non
1448 3261 1560 3296 habet,
1585 3260 1675 3297 quod
1698 3262 1748 3289 est
1773 3260 1940 3290 terminus
1969 3261 2021 3291 sui
2046 3264 2198 3292 motus...

234 3313 350 3349 aliquo
380 3314 520 3349 motore,
549 3313 606 3348 qui
640 3312 826 3341 distinctus
855 3315 905 3341 est
937 3312 979 3341 ab
1013 3313 1097 3349 ipsis
1130 3321 1190 3349 per
1246 3314 1307 3352 Ep.
1331 3314 1373 3350 X,
1395 3315 1442 3342 265.
