2455 3751
303 237 360 264 134
961 237 1007 258 LA
1031 236 1210 263 QUAESTIO
1232 237 1280 258 DE
1302 236 1401 264 AQUA
1425 237 1470 258 ΕΤ
1491 237 1613 259 TERRA

1033 408 1172 436 Plrrrno
1195 408 1369 436 1⁷1⁷ABANO
1386 408 1417 444 (†
1435 408 1539 444 1316).

381 515 562 544 Sciendum
587 514 675 551 quod
699 523 787 551 aqua
809 517 861 542 est
883 522 1007 550 eorpus
1030 514 1187 550 simplex,
1209 514 1308 543 cuius
1331 515 1424 544 locus
1446 515 1614 543 naturalis
1641 518 1693 544 est
1722 518 1757 544 ut
1787 515 1965 545 circundet
1994 519 2120 545 terram
2144 520 2177 546 et
2208 517 2269 546 cir-

301 569 469 597 cundetur
491 568 533 596 ab
556 569 643 602 aere,
668 576 743 595 cum
769 567 803 596 in
826 567 894 595 situ
919 567 992 595 eius
1016 567 1241 603 permanserit
1267 568 1427 604 naturali,
1451 568 1580 604 frigida
1603 570 1726 597 natura
1748 570 1782 597 et
1809 569 1960 605 humida,
1990 578 2065 598 cum
2096 570 2268 606 gravitate

301 621 544 658 comparativa,
568 621 666 649 cuius
689 621 723 649 in
747 620 920 656 generatis
943 620 1021 649 finis
1043 622 1138 649 extat
1162 620 1288 650 formas
1310 622 1457 657 figurare
1480 621 1609 651 lineare
1633 624 1668 650 et
1688 624 1889 658 temperare.
1905 622 2044 651 Dictum
2067 625 2119 652 est
2140 626 2268 652 autem:

300 675 404 703 Cuius
428 675 520 703 locus
543 674 711 703 naturalis
734 676 808 705 etc..
830 674 991 710 quoniam
1015 675 1106 702 terra
1130 674 1165 702 in
1188 674 1334 710 quadam
1358 674 1432 703 eius
1460 677 1558 710 parte
1586 675 1766 704 invenitur
1795 675 1894 712 aquis
1923 675 2148 712 discooperta.
2171 677 2269 712 Quod

301 728 485 763 multiplici
508 727 549 756 de
572 736 673 755 causa
698 729 809 763 potest
839 727 1049 764 contingere.
1078 728 1150 756 Aut
1179 727 1270 756 enim
1302 727 1430 756 virtute
1462 728 1636 757 stellarum
1667 729 1890 758 existentium
1918 729 1953 757 in
1986 730 2021 758 12
2052 730 2270 766 imaginibus,

300 790 384 818 quae
408 785 486 809 sunt
509 782 607 809 extra
628 780 804 809 zodiacum
828 781 863 809 in
887 780 1132 817 septentrione,
1156 781 1443 817 compescentium
1477 790 1567 810 mare
1589 790 1764 817 oceanum,
1794 790 1836 811 ne
1866 783 2115 818 superinundet
2144 785 2268 812 terram

302 835 397 862 iuxta
423 834 507 862 illud
534 834 751 863 psalmistae:
774 845 790 861 κ
807 834 1030 871 Congregasti
1053 842 1158 870 aquas
1188 834 1223 862 in
1256 836 1329 863 utre
1347 844 1381 871 »ς
1412 837 1552 870 propter
1574 843 1717 871 quarum
1740 835 1881 864 virtutis
1911 836 2157 865 relaxationem
2181 837 2270 873 enig-

302 887 464 915 matizant
487 887 657 915 diluvium
681 887 876 924 contigisse.
897 888 957 916 Vel
973 887 1134 923 quoniam
1165 887 1199 915 in
1228 890 1324 923 parte
1341 888 1588 923 septentrionis
1610 890 1702 917 terra
1719 891 1771 917 est
1786 889 1931 925 elevata,
1951 889 2201 918 Metheororum
2218 891 2270 925 2.⁰,

301 941 388 977 quod
413 941 563 969 ostendit
586 940 714 969 ibidem
739 941 849 970 fluxus
872 941 976 969 maris
1000 941 1206 977 Methyndis,
1222 941 1295 969 sive
1312 941 1469 978 Thanais‚
1485 949 1546 977 per
1563 942 1706 970 marium
1724 942 1856 979 reliqua
1871 943 1941 978 (sic)
1956 942 2094 971 tandein
2111 942 2147 971 in
2163 943 2272 979 hispa-

301 994 425 1023 nicum.
457 996 526 1023 Aut
555 995 636 1030 quia
658 996 749 1023 terra
772 1003 848 1023 rara
870 997 922 1023 est
944 998 978 1024 et
1001 1003 1133 1031 porosa,
1155 994 1205 1023 ita
1227 997 1265 1023 ut
1287 994 1463 1023 humidum
1497 994 1644 1023 imbibat
1673 1003 1790 1031 aquae.
1820 995 1900 1024 Sive
1930 998 2070 1032 propter
2097 996 2271 1025 radiorum

300 1048 456 1078 calorem,
472 1050 504 1076 et
523 1048 669 1077 maxime
691 1048 866 1083 solarium,
882 1049 1110 1077 resolventem
1133 1056 1254 1084 aquam
1279 1048 1313 1076 111
1337 1056 1492 1084 vapores.
1509 1048 1572 1076 Vel
1596 1050 1736 1084 propter
1758 1048 1959 1077 animalium
1982 1049 2269 1085 pernianentian1;

303 1101 409 1136 magis
433 1101 639 1137 perfectiora
662 1102 751 1129 enim
776 1101 924 1137 egebant
945 1102 1022 1130 aere
1046 1101 1088 1130 ad
1111 1101 1236 1130 caloris
1259 1109 1375 1131 eorum
1406 1101 1712 1137 conservationem,
1741 1110 1877 1131 11606886
1907 1110 2053 1139 namque
2084 1102 2152 1131 fuit
2181 1102 2271 1139 quod

301 1155 458 1183 terreitas
481 1154 716 1183 dominaretur
739 1155 773 1183 in
798 1155 892 1191 ipsis,
916 1158 953 1183 ut
975 1155 1149 1191 sapienter
1173 1155 1264 1183 tacta
1287 1155 1530 1191 consisterent;
1553 1155 1644 1184 unde
1665 1163 1750 1191 opus
1766 1155 1834 1184 fuit
1856 1155 2023 1184 denudari
2042 1156 2077 1184 in
2097 1156 2271 1193 aliquibus

300 1208 384 1237 locis
406 1210 531 1236 terram
553 1208 634 1238 aeri.
658 1210 694 1236 ut
716 1208 759 1236 ad
782 1216 854 1237 esse
878 1208 1044 1237 nobilium
1068 1208 1175 1237 faciat
1198 1208 1409 1237 animalium.
1429 1208 1542 1244 Quare
1555 1208 1713 1245 Algazel:
1729 1209 1860 1245 Degere
1877 1217 2023 1245 namque
2044 1218 2111 1238 non
2133 1212 2271 1246 possent

300 1261 334 1289 in
357 1269 443 1297 aqua
467 1270 541 1289 011111
569 1262 741 1297 gaudeant
774 1262 943 1297 pulmone.
973 1261 1071 1297 Quod
1101 1263 1135 1290 et
1165 1262 1192 1290 si
1224 1261 1384 1290 videatur
1415 1263 1533 1290 contra
1563 1264 1720 1290 naturam
1752 1261 1994 1298 particularem
2025 1263 2270 1292 elementorum

299 1315 379 1343 talis
399 1314 481 1343 ordo
497 1322 699 1343 concurrere
722 1323 789 1343 non
813 1318 927 1343 tamen
950 1317 1069 1343 contra
1092 1314 1318 1344 universalem
1342 1315 1463 1344 existit
1479 1315 1704 1351 (differentia,
1721 1316 1785 1352 15),
1801 1315 1899 1344 0111118
1918 1315 2066 1345 intentio
2082 1318 2133 1345 est
2149 1318 2272 1345 cuncta

297 1376 430 1404 semper
453 1368 488 1396 in
513 1368 634 1397 melius
656 1367 828 1404 ordinare,
851 1368 958 1397 donec
982 1368 1025 1396 ad
1049 1376 1216 1397 summum
1240 1368 1431 1405 appetibile
1455 1368 1688 1405 perveniatur,
1710 1369 1799 1405 quod
1829 1368 1981 1398 omnium
2011 1369 2112 1398 finale
2142 1369 2272 1405 appeti-

300 1422 409 1450 tivum
434 1422 501 1457 (De
524 1421 649 1458 anima,
670 1422 717 1458 3).
742 1421 939 1450 Conciliator
961 1421 1235 1459 defferentiarum,
1255 1421 1460 1451 Differentia
1482 1422 1582 1459 XIII,
1606 1422 1764 1459 Venezia,
1787 1422 1926 1459 Giunta,
1950 1424 2037 1458 1565,
2068 1431 2095 1451 c.
2117 1423 2179 1452 20¹³.

380 1475 489 1503 Multa
510 1479 590 1503 sunt
612 1476 731 1504 contra
754 1476 911 1504 naturam
941 1475 1196 1511 particularem,
1226 1484 1293 1504 non
1317 1477 1429 1504 tamen
1460 1476 1702 1513 universalem,
1724 1485 1801 1504 cnm
1824 1484 1863 1504 ea
1885 1476 1931 1505 sit
1959 1476 2128 1505 naturalis
2155 1484 2269 1513 causa,

299 1528 509 1557 dominatrix
534 1530 720 1558 naturae...
742 1528 841 1564 Quod
863 1537 952 1564 aqua
967 1528 1071 1557 maris
1087 1528 1171 1557 fluat
1186 1530 1219 1557 et
1235 1528 1356 1557 refluat
1371 1530 1491 1558 contra
1507 1531 1663 1558 naturam
1684 1529 1929 1565 particularem
1952 1530 2061 1566 ipsius
2081 1529 2252 1559 existit...
2265 1551 2272 1558 .

299 1584 332 1611 et
362 1590 422 1618 per
443 1582 533 1610 hunc
566 1582 703 1611 modum
726 1582 817 1619 ignis
840 1582 1018 1611 descendit
1039 1581 1126 1611 levis
1148 1582 1191 1610 ad
1214 1582 1426 1619 mixtionem,
1448 1585 1483 1612 et
1497 1584 1589 1612 terra
1605 1583 1759 1612 elevatur
1775 1583 1818 1612 ad
1833 1583 1975 1612 eandem
1991 1583 2108 1619 gravis
2126 1583 2156 1619 l).
2174 1583 2271 1620 Ihm„

300 1635 506 1664 Differentia
527 1635 603 1672 XV,
626 1635 677 1664 ed.
699 1635 816 1672 citata,
839 1645 866 1665 c.
888 1636 949 1664 23⁹.

807 1741 963 1772 ANDALO
986 1749 1060 1771 DEL
1081 1743 1211 1771 NEGRO
1235 1743 1539 1779 (contemporaneo
1561 1743 1597 1772 di
1620 1743 1762 1780 Dante).

379 1850 423 1878 Et
445 1850 602 1887 quamvis
624 1849 771 1879 dixerim
794 1849 884 1886 quod
907 1857 1006 1885 spera
1028 1850 1118 1878 terre
1140 1849 1186 1878 sit
1208 1850 1317 1878 altera
1336 1857 1437 1885 spera
1452 1858 1553 1886 quam
1577 1858 1677 1886 spera
1692 1858 1789 1887 aque,
1805 1852 1919 1878 tamen
1934 1849 1975 1878 de
1992 1850 2054 1879 hoc
2070 1852 2151 1879 sunt
2166 1851 2272 1879 multe

298 1909 330 1931 et
353 1903 465 1932 divise
487 1903 702 1939 oppiniones.
724 1903 810 1932 Nam
833 1903 978 1939 oppinio
1000 1903 1193 1940 aliquorum
1217 1903 1285 1932 fuit
1309 1903 1398 1939 quod
1422 1911 1523 1939 spera
1545 1912 1631 1940 aque
1654 1905 1742 1933 esset
1764 1903 1960 1932 excentrica
1982 1911 2082 1940 spera
2103 1906 2203 1941 terre,
2223 1903 2273 1932 ita

299 1957 389 1992 quod
412 1965 479 1986 non
501 1959 591 1986 esset
612 1965 715 1993 super
737 1966 841 1986 unum
865 1959 1031 1993 centrum,
1053 1957 1103 1986 ita
1125 1957 1216 1993 quod
1239 1965 1281 1986 ex
1304 1957 1464 1993 opposito
1487 1957 1598 1986 centri
1624 1965 1710 1994 aque
1739 1957 1783 1986 ad
1812 1959 1967 1986 centrum
1989 1959 2079 1985 terre
2102 1958 2194 1985 terra
2219 1965 2273 1993 ap-

300 2012 435 2045 pareret
457 2018 560 2047 super
581 2018 696 2047 aquas.
718 2010 792 2039 Alii
815 2012 928 2039 autem
952 2010 1113 2039 dixerunt
1133 2010 1223 2046 quod
1240 2012 1380 2046 propter
1395 2011 1541 2039 calorem
1558 2010 1640 2040 solis
1656 2018 1802 2046 vapores
1818 2010 1977 2040 commoti
1996 2010 2031 2038 in
2048 2012 2168 2039 ventre
2183 2011 2274 2039 terre

300 2067 434 2096 faciunt
456 2065 618 2102 quasdam
640 2064 898 2093 tumorositates
928 2064 963 2092 in
993 2064 1174 2100 superficie
1204 2066 1303 2099 terre,
1333 2072 1398 2100 que
1426 2064 1559 2093 faciunt
1580 2064 1834 2100 gibbositatem,
1856 2072 1921 2100 que
1943 2063 2142 2092 extenditur
2168 2071 2274 2100 usque

301 2129 403 2157 super
425 2127 541 2156 aquas,
563 2121 597 2147 et
619 2117 668 2147 ibi
691 2120 836 2154 apparet
857 2120 958 2146 terra.
981 2117 1053 2146 Alii
1077 2125 1158 2146 vero
1181 2117 1345 2145 dixerunt
1366 2118 1456 2153 quod
1478 2119 1570 2146 terra
1592 2119 1626 2146 et
1648 2126 1736 2154 aqua
1758 2117 1829 2147 sint
1850 2117 2060 2146 solummodo
2082 2125 2182 2153 spera
2197 2125 2274 2152 una,

302 2177 335 2203 et
357 2173 447 2210 (111011
462 2181 550 2209 aqua
573 2174 645 2201 tota
667 2171 834 2200 consistat
856 2171 891 2200 in
915 2171 1190 2200 concavitatibus
1213 2173 1312 2207 terre,
1328 2179 1392 2206 11116
1409 2171 1551 2207 oppinio
1569 2171 1706 2200 videtur
1722 2170 1821 2200 nobis
1836 2171 1945 2207 magis
1960 2170 2160 2199 affirmanda
2176 2169 2275 2198 ratio-

303 2228 405 2257 nibus
428 2226 661 2262 infrascriptis
674 2226 710 2262 ἵ).
2218 2220 2220 2223 “

382 2281 470 2318 Quia
498 2283 573 2309 visa
602 2283 635 2308 et
665 2279 880 2308 considerata
911 2278 1148 2313 magnitudine
1179 2277 1338 2306 diametri
1370 2278 1452 2307 solis
1481 2278 1538 2314 qui
1570 2278 1723 2307 continet
1753 2278 1998 2306 diametrorum
2028 2279 2118 2306 terre
2140 2276 2218 2315 9¹le
2241 2280 2276 2305 et

303 2335 499 2365 examinata
520 2333 688 2363 distantia
711 2340 775 2369 que
805 2335 857 2360 est
887 2332 976 2360 inter
1006 2332 1110 2360 solem
1140 2333 1173 2360 et
1203 2333 1327 2360 terram
1359 2332 1394 2360 in
1427 2332 1547 2367 majori
1579 2331 1747 2360 distantia
1777 2335 1810 2360 et
1842 2332 1877 2360 in
1906 2331 2031 2361 minori
2062 2340 2082 2359 a
2111 2333 2211 2365 terra,
2241 2332 2275 2359 et

303 2390 406 2418 etiam
442 2389 532 2417 facta
556 2387 688 2416 ratione
711 2389 745 2415 et
768 2385 1044 2414 consideratione
1067 2385 1108 2413 de
1132 2385 1370 2421 magnitudine
1395 2387 1429 2413 et
1452 2385 1624 2421 parvitate
1647 2384 1765 2413 umbre
1788 2393 1888 2421 quam
1912 2387 2004 2414 terra
2034 2384 2146 2414 facere
2172 2383 2274 2413 debet

303 2444 338 2472 in
362 2442 515 2479 qualibet
538 2440 714 2476 distantia,
737 2443 771 2468 et
793 2447 893 2475 quam
917 2438 1135 2467 latitudinem
1160 2438 1283 2467 habeat
1306 2438 1434 2474 umbre,
1457 2447 1533 2467 cum
1556 2447 1678 2475 corpus
1702 2439 1781 2467 lune
1802 2439 1886 2467 tacit
1908 2438 2091 2467 transitum
2121 2439 2274 2473 tempore

303 2496 451 2533 eclypsis
473 2498 542 2524 tam
566 2495 600 2523 in
636 2493 851 2530 longitudine
879 2492 1026 2528 longiori
1055 2500 1156 2528 quam
1187 2491 1356 2527 propriori
1390 2492 1442 2521 sui
1473 2492 1622 2528 epicicli,
1654 2500 1721 2521 non
1750 2492 1945 2521 invenimus
1975 2492 2064 2528 quod
2087 2491 2207 2520 umbra
2229 2491 2274 2519 sit

305 2550 412 2578 maior
435 2557 534 2585 quam
558 2547 678 2576 umbra
700 2546 858 2575 diametri
882 2548 972 2574 terre
995 2553 1067 2574 esse
1090 2544 1223 2574 debeat,
1246 2545 1329 2573 Nam
1354 2545 1383 2573 si
1406 2554 1506 2581 spera
1535 2554 1621 2582 aque
1652 2548 1739 2574 esset
1772 2546 1881 2574 maior
1909 2554 2008 2582 spera
2037 2547 2126 2573 terre
2157 2552 2276 2580 oppor-

304 2607 391 2632 teret
414 2605 451 2631 ut
474 2602 603 2631 taceret
626 2601 788 2629 maiorem
812 2599 965 2628 umbram
989 2607 1089 2635 quam
1112 2602 1213 2635 terra,
1236 2599 1326 2635 quod
1349 2607 1415 2627 non
1440 2599 1619 2628 invenitur
1642 2599 1690 2628 sic
1714 2607 1796 2628 esse.

389 2657 429 2685 Et*
451 2655 608 2692 quamvis
630 2654 766 2683 dicatur
788 2653 876 2689 quod
900 2661 987 2689 aqua
1010 2652 1056 2681 sit
1078 2660 1201 2688 corpus
1223 2651 1400 2680 diafanum
1424 2655 1458 2681 et
1473 2660 1596 2688 corpus
1612 2653 1789 2681 diafanum
1806 2661 1873 2682 non
1890 2652 1997 2681 faciat
2016 2651 2181 2686 umbram,
2197 2650 2275 2679 dico

305 2710 395 2746 quod
417 2709 644 2738 necessarium
668 2710 718 2736 est
743 2709 779 2735 ut
801 2715 889 2743 aqua
921 2706 1024 2734 faciat
1054 2705 1203 2742 aliquam
1234 2705 1400 2742 umbram,
1422 2706 1512 2742 quod
1535 2706 1619 2735 satis
1647 2706 1942 2742 experimentatur
1968 2714 1987 2734 a
2010 2704 2193 2733 marinaris
2216 2703 2272 2740 qui

307 2764 483 2800 inquirunt
508 2761 776 2798 profunditatem
802 2768 976 2796 aquarum.
1001 2759 1070 2795 Ipsi
1094 2759 1184 2788 enim
1208 2758 1328 2787 dicunt
1350 2759 1440 2795 quod
1463 2761 1591 2795 quanto
1615 2759 1722 2796 magis
1746 2759 1877 2788 vadunt
1893 2759 1927 2787 in
1946 2757 2153 2794 profundum
2177 2758 2274 2786 tanto

306 2817 535 2845 obscuriorem
559 2815 785 2843 inveniuntur
807 2822 878 2843 esse
901 2814 1028 2848 locumg
1059 2821 1138 2849 ergo
1160 2813 1188 2841 si
1213 2813 1246 2841 in
1272 2821 1378 2848 parva
1401 2813 1594 2849 quantitate
1618 2813 1653 2841 in
1679 2821 1745 2849 qua
1768 2812 1929 2841 marinari
1956 2812 2004 2840 ire
2028 2813 2180 2847 possunt,
2209 2818 2273 2846 que

308 2873 356 2899 cst
380 2870 422 2898 ad
447 2870 522 2905 plus
544 2870 582 2897 :0
605 2876 776 2904 passuum,
799 2867 976 2895 invenitur
998 2866 1195 2895 differentia
1217 2865 1439 2894 obscuritatis
1458 2867 1492 2894 et
1514 2865 1694 2901 claritatis,
1710 2868 1800 2894 certe
1817 2865 1851 2893 in
1868 2867 1940 2894 tota
1960 2865 2154 2901 quantitate
2177 2872 2274 2901 spere

308 2932 392 2959 aque
416 2923 555 2951 deberet
578 2921 728 2950 inveniri
752 2921 857 2949 multo
882 2920 988 2956 major
1012 2919 1131 2948 umbra
1152 2919 1225 2948 sive
1249 2919 1450 2948 obscuritas
1480 2919 1577 2955 Quod
1607 2919 1710 2948 etiam
1735 2920 1829 2955 patet
1863 2926 1922 2954 per
1953 2919 2081 2947 vitrum
2104 2918 2194 2954 quod
2224 2920 2275 2946 est

309 2985 430 3012 60111118
453 2976 640 3011 diafanum,
663 2974 744 3010 quia
766 2975 894 3010 quanto
918 2975 968 3001 est
991 2973 1141 3009 grossius
1164 2974 1260 3001 tanto
1285 2972 1447 3001 maiorem
1464 2972 1708 3001 obscuritatem
1725 2972 1798 3001 sive
1816 2971 1968 3000 umbram
1989 2972 2084 3000 sacit.
2104 2972 2275 3000 Tractatas

308 3038 398 3066 spera
423 3028 609 3060 e1mter2'ale's,
632 3027 757 3056 Codice
781 3026 1146 3061 Laurenziano-lati110,
1168 3026 1299 3061 XXIX,
1321 3028 1349 3059 S,
1373 3034 1403 3061 p.
1425 3028 1519 3055 3.οο11
1542 3028 1594 3054 tre
1617 3026 1741 3062 figure;
1764 3025 1824 3054 cfr.
1842 3025 2052 3062 Commento,
2072 3033 2103 3061 p.
2119 3025 2156 3053 97
2174 3033 2191 3053 e
2208 3024 2274 3053 137.

406 3176 428 3200 ¹)
447 3174 539 3197 l'ietro
556 3174 687 3197 ‹l'Abano
705 3180 756 3195 uon
777 3173 805 3195 111
823 3173 872 3195 che
892 3173 1004 3196 riferire
1024 3173 1100 3195 varie
1120 3172 1245 3202 opinioni
1265 3173 1397 3199 cori-enti,
1422 3180 1504 3196 senza
1521 3173 1661 3196 (1661116181
1680 3179 1729 3202 1161
1748 3172 1766 3195 l'
1780 3179 1836 3195 una
1860 3172 1994 3201 piuttosto
2017 3171 2067 3195 che
2090 3178 2139 3201 per
2165 3170 2274 3193 l’altra.

313 3219 443 3241 Nntoxnlu
462 3219 489 3241 111
509 3221 641 3248 1611110110
659 3218 716 3241 alla
734 3219 854 3248 Quaestio
872 3218 1020 3241 l'accenno
1037 3217 1094 3239 alla
1111 3224 1195 3240 causa
1213 3216 1350 3240 efficiente
1369 3218 1465 3243 (stelle
1486 3217 1718 3246 settentrionali),
1743 3224 1757 3240 e
1781 3216 1838 3239 alla
1861 3223 1945 3239 eausa
1969 3215 2053 3239 finale
2076 3217 2191 3243 (natura
2215 3215 2275 3238 uni-

313 3262 447 3290 versale).
466 3262 517 3285 cfr.
537 3264 666 3292 Quaestin,
684 3263 710 3291 ᾧῷ
730 3262 791 3284 XXI
809 3269 823 3284 6
844 3262 945 3285 XVIII.

406 3307 430 3334 ’1
449 3307 597 3329 Riassuntu
615 3309 702 3330 6811110
720 3307 794 3330 dello
813 3308 884 3329 stato
901 3306 977 3329 della
996 3306 1187 3329 controversia
1206 3306 1250 3328 1161
1269 3307 1349 3335 primi
1369 3307 1486 3330 decenni
1506 3307 1551 3329 del
1570 3307 1660 3329 860010
1679 3307 1756 3330 XIV:
1776 3307 1865 3330 Dante
1883 3306 1997 3335 dunque
2015 3306 2104 3328 intese
2116 3304 2145 3327 di
2158 3303 2275 3327 definire

313 3352 379 3380 quud
400 3352 622 3373 inrbsrrntinrtlnm
645 3352 765 3375 mcalmt.
787 3353 916 3380 (juarxtin.
936 3352 947 3380 x}
966 3352 986 3377 I.
1005 3354 1027 3374 '..’.
1046 3359 1058 3374 ιζ·
1077 3350 1184 3381 899111
1203 3356 1276 3374 una
1296 3351 1418 3375 teOI'ia
1431 3351 1702 3382 cosmografica
1714 3351 1887 3375 italiana,
1901 3350 1950 3374 vlle
1964 3350 1991 3373 fa
2004 3356 2072 3379 capo
2084 3349 2109 3372 al
2123 3349 2274 3380 Campano.
