2579 3833
1108 238 1317 260 APPENDICE
1339 239 1360 260 B
2156 239 2213 267 183

256 353 352 388 parte
377 351 652 388 septentrionali,
675 351 710 379 in
733 359 799 387 qua
820 351 1028 387 gibbositate
1050 356 1101 382 est
1123 356 1214 383 terra
1236 355 1453 392 11311113111118ς
1475 365 1561 393 (11136
1590 357 1779 394 gibbositas
1801 367 1877 387 cum
1899 367 1986 395 aqua
2009 361 2094 389 facit
2115 361 2212 397 quasi

256 412 358 433 unam
382 404 569 440 sphaeram,
592 403 642 432 ita
664 403 754 439 quod
776 412 864 440 aqua
886 405 1039 440 cooperit
1060 408 1166 435 totam
1189 409 1315 436 terram
1338 411 1473 444 praeter
1495 410 1588 438 illam
1612 410 1866 448 gibbositatem,
1887 413 1977 448 quod
1993 413 2160 449 quomodo
2176 414 2214 441 fit

256 458 356 493 plane
379 456 605 486 describimus
627 455 662 484 in
685 458 801 485 nostro
823 456 1027 486 Heaeameron
1028 478 1069 487 .....
1092 459 1185 488 Mare
1210 460 1324 496 itaque
1346 469 1413 489 non
1431 463 1585 498 cooperit
1599 465 1734 501 terram,
1750 464 1830 500 quia
1845 466 2044 494 ascenderet
2059 466 2087 495 si
2104 466 2212 502 ipsam

257 510 463 546 cooperiret:
485 509 638 546 gravitas
660 517 740 546 ergo
763 509 846 544 eius,
868 518 953 546 quae
976 519 1042 539 non
1066 511 1150 540 sinit
1172 512 1280 548 ipsam
1303 514 1495 551 ascendere,
1516 524 1582 544 non
1599 516 1770 551 permittit
1784 518 1873 553 quod
1889 519 2063 555 cooperiat
2078 521 2213 549 terram.

336 563 401 592 Sed
425 563 453 592 si
476 563 524 592 sic
547 562 703 596 (1161111118,
725 562 814 598 quod
838 563 1007 591 credimus
1030 564 1115 592 bene
1137 565 1278 599 dictum,
1299 567 1365 595 tria
1390 567 1670 597 inconvenientia
1692 570 1848 599 videmus
1870 571 2060 601 incurrere:
2082 573 2163 609 quia
2184 573 2213 601 si

253 625 361 652 aquae
390 616 484 645 nullo
515 616 612 644 modo
635 615 834 650 ascendunt,
858 616 917 644 sed
940 624 1073 653 semper
1093 618 1313 654 descendunt,
1337 629 1404 649 non
1428 620 1565 649 videtur
1587 622 1676 658 quod
1699 624 1867 659 possimus
1889 625 2021 653 salvare
2045 626 2212 661 quomodo

257 669 397 697 fiumina
420 670 544 697 exeant
566 676 585 696 a
608 668 703 704 mari,
726 669 760 696 et
782 668 825 697 ad
840 676 932 697 mare
949 672 1175 705 revertantur,
1193 673 1229 699 ut
1247 671 1368 700 iterum
1385 673 1502 702 fiuant.
1518 674 1690 703 Secundo:
1706 684 1772 704 non
1789 676 1925 705 videtur
1940 678 2029 713 quod
2047 679 2213 714 possimus

259 722 392 750 salvare
414 721 542 750 fluxum
565 724 599 750 et
621 721 787 750 refluxum
810 721 923 757 maris,
946 721 1027 758 quia
1041 722 1070 751 si
1086 731 1173 759 aqua
1189 732 1255 752 non
1276 726 1483 755 ascenderet.
1499 735 1565 755 non
1583 727 1755 756 videretur
1770 729 1859 764 quod
1876 738 1966 758 mare
1983 733 2096 766 posset
2112 732 2214 761 fluere

255 778 289 804 et
312 775 463 804 refluere.
485 774 615 804 Tertio:
639 775 668 804 si
691 783 779 811 aqua
801 774 942 804 haberet
957 775 1059 804 talem
1076 776 1329 814 gibbositatem,
1351 778 1440 807 sicut
1461 779 1590 807 dictum
1613 785 1672 816 cst,
1695 780 1780 810 bene
1807 782 1982 811 videretur
2003 784 2091 820 quod
2114 785 2213 814 navis

255 828 407 857 existens
430 828 520 856 ultra
542 836 633 857 mare
650 836 717 857 non
734 828 910 857 videretur
925 829 1006 864 quia
1022 829 1112 857 inter
1127 838 1248 858 navem
1264 832 1298 859 et
1314 833 1439 860 terram
1456 832 1730 868 interponeretur
1747 835 1805 863 illa
1822 835 2010 871 gibbositas
2026 838 2138 874 maris,
2156 839 2214 868 sed

255 882 291 910 in
303 881 415 911 medio
432 881 535 910 maris
547 881 686 910 omnino
699 881 885 917 videretur,
901 881 982 917 quia
997 884 1086 910 esset
1101 883 1213 913 altior.
1230 885 1268 911 ut
1283 883 1430 917 videtur,
1443 884 1492 913 ibi
1505 886 1666 922 existens,
1677 894 1776 922 quam
1793 897 1868 917 cum
1881 891 1953 917 erat
1966 890 2060 918 iuxta
2078 893 2212 920 terram.

336 935 482 970 Propter
504 934 652 970 primum
675 934 851 963 sciendum
867 934 957 970 quod
974 934 1134 963 videntur
1150 935 1258 971 aliqui
1281 937 1419 973 sentire,
1441 938 1530 973 quod
1553 939 1738 967 secundum
1762 942 1933 976 propriam
1957 943 2098 972 formam
2122 953 2213 974 mare

256 987 429 1017 subintrat
451 989 575 1016 terram
599 989 633 1016 et
656 987 808 1016 deservit
830 987 1044 1024 generationi
1069 988 1222 1024 lapidum
1246 990 1280 1017 et
1303 989 1529 1025 mineralium,
1551 993 1585 1019 et
1607 991 1655 1019 sic
1678 992 1876 1022 subintrans
1903 997 2027 1024 terram
2054 997 2143 1025 redit
2171 998 2212 1026 ad

255 1042 365 1070 locum
388 1041 478 1069 unde
501 1041 611 1069 fluunt
634 1040 785 1071 flumina.
808 1043 841 1069 et
864 1041 925 1069 hoc
950 1040 1048 1069 modo
1070 1041 1293 1069 continuatur
1315 1050 1434 1070 cursus
1456 1042 1648 1072 fluviorum.
1672 1044 1715 1072 Et
1737 1045 1765 1073 si
1792 1049 1954 1080 arguatur
1985 1051 2101 1077 contra
2130 1051 2214 1079 istos

255 1094 345 1130 quod
368 1096 449 1123 tunc
472 1102 560 1130 aqua
582 1093 791 1129 ascenderet,
814 1093 895 1129 quia
924 1102 999 1122 cum
1030 1094 1171 1122 flumina
1200 1094 1344 1123 tendant
1372 1103 1505 1131 semper
1533 1096 1575 1124 ad
1610 1096 1755 1126 inferius
1788 1107 1853 1127 non
1884 1103 1997 1135 posset
2019 1103 2213 1132 continuari

255 1155 373 1176 cursus
395 1147 542 1176 alicuius
565 1147 663 1175 fluvii
688 1155 747 1183 per
768 1154 874 1183 aquas
903 1147 1018 1182 maris,
1043 1147 1111 1175 nisi
1141 1147 1337 1176 huiusmodi
1366 1156 1454 1184 aqua
1483 1149 1682 1178 ascenderet
1711 1153 1743 1179 et
1773 1152 1985 1182 ascendendo
2015 1157 2131 1190 postea
2163 1157 2215 1185 de.-

255 1200 434 1229 scenderet
448 1200 550 1236 (quod
566 1200 728 1229 videntur
743 1200 801 1229 ist-i
817 1200 1003 1229 concedere
1026 1208 1124 1236 posse
1147 1201 1221 1229 fieri
1245 1210 1304 1237 per
1327 1204 1453 1230 motum
1477 1203 1756 1238 supercelestium
1780 1213 1968 1241 corporum.
1991 1208 2079 1236 sicut
2105 1209 2214 1238 fluxus

255 1256 289 1283 et
318 1254 467 1283 refluxus
496 1253 610 1289 maris,
639 1253 698 1290 qui
721 1253 794 1282 sine
817 1261 960 1282 ascensu
982 1262 1089 1290 aquae
1112 1254 1185 1283 fieri
1209 1262 1277 1283 non
1300 1256 1446 1290 potest>3
1473 1256 1531 1284 sed
1561 1256 1610 1284 ita
1637 1259 1726 1286 stare
1749 1266 1815 1286 non
1839 1262 1990 1294 possunt.
2014 1261 2139 1290 Verum
2163 1266 2214 1292 est

256 1307 345 1336 enim
363 1307 453 1344 quod
469 1308 581 1336 motus
596 1307 699 1343 primi
714 1307 810 1343 coeli,
833 1307 887 1336 vel
911 1307 1014 1343 primi
1038 1307 1185 1343 mobilis,
1207 1308 1299 1344 rapit
1320 1316 1431 1336 secum
1455 1317 1571 1337 omnes
1593 1309 1677 1338 alios
1700 1310 1797 1339 orbes
1819 1314 1852 1340 et
1874 1313 1964 1348 rapit
1981 1322 2092 1343 secum
2109 1318 2213 1345 totam

257 1360 435 1397 sphaeram
452 1360 542 1397 ignis
558 1362 592 1389 et
607 1360 704 1396 quasi
720 1361 826 1389 totam
849 1360 1027 1396 sphaeram
1051 1360 1149 1393 a'eris,
1172 1362 1315 1396 excepto
1338 1361 1398 1390 illo
1421 1362 1498 1390 a'ere
1521 1362 1579 1398 (1111
1602 1362 1774 1391 clauditur
1797 1364 1885 1393 iuter
1907 1368 2048 1401 montes.
2070 1368 2128 1397 sed
2152 1369 2214 1398 iste

255 1416 374 1450 raptus
398 1416 431 1442 et
447 1414 511 1442 iste
528 1415 638 1442 motus
653 1415 704 1442 est
720 1413 914 1449 circularis;
930 1414 1116 1442 secundum
1139 1414 1230 1442 enim
1254 1415 1356 1442 talem
1380 1416 1507 1443 motum
1531 1423 1592 1444 nec
1615 1418 1666 1444 est
1687 1424 1846 1446 ascensus
1869 1426 1930 1447 nec
1953 1422 2003 1448 est
2025 1421 2214 1452 descensus.

257 1467 417 1495 Dicemus
440 1466 531 1495 enim
554 1466 644 1502 quod
666 1474 839 1502 nunquam
863 1475 951 1503 aqua
973 1467 1129 1495 ascendit
1156 1467 1223 1495 nisi
1254 1475 1315 1503 per
1345 1471 1484 1496 ventum
1514 1468 1655 1505 agitata,
1684 1470 1737 1498 vel
1768 1478 1827 1506 per
1852 1471 1999 1507 aliquem
2021 1473 2215 1512 impulsum,

256 1521 311 1549 vel
334 1520 400 1549 nisi
426 1520 485 1548 fiat
507 1520 622 1556 aliquo
645 1519 744 1548 modo
768 1520 864 1556 levis,
887 1522 926 1548 ut
947 1523 1091 1557 apparet
1114 1520 1149 1549 in
1173 1521 1360 1557 vaporibus
1382 1521 1526 1550 elevatis
1548 1521 1590 1550 ab
1613 1530 1710 1559 aqua,
1740 1523 1796 1559 qui
1827 1526 1966 1561 propter
1994 1527 2140 1556 calorem
2170 1529 2216 1557 in—

255 1575 472 1610 corporatum
495 1582 514 1601 a
537 1573 617 1609 sole,
638 1573 694 1602 vel
715 1573 758 1601 ab
781 1573 860 1602 aliis
882 1573 1001 1610 stellis,
1022 1573 1173 1610 aliquam
1195 1574 1371 1602 levitatem
1394 1574 1600 1603 contrahunt
1624 1583 1683 1611 per
1705 1584 1804 1612 quam
1827 1578 2025 1607 ascendunt.
2055 1580 2145 1609 Illud
2174 1581 2215 1610 (16

255 1627 349 1655 fluxu
371 1628 406 1656 et
427 1626 559 1655 refluxu
581 1634 641 1655 suo
664 1626 738 1655 loco
760 1627 912 1655 solvetur
926 1626 933 1642 ¹
948 1627 967 1663 >.

335 1680 402 1709 Sed
424 1680 514 1716 quod
536 1680 666 1709 dictum
690 1682 741 1709 est
763 1680 804 1709 de
826 1680 1035 1715 fluminibus,
1057 1681 1224 1716 quomodo
1247 1683 1373 1710 exeunt
1395 1690 1415 1709 a
1441 1681 1527 1710 mari
1556 1683 1589 1710 et
1619 1682 1654 1710 in
1684 1691 1774 1711 mare
1807 1686 2035 1721 revertuntur,
2065 1686 2216 1715 dicemus

255 1733 346 1770 quod
374 1741 466 1762 mare
495 1741 571 1762 cum
599 1735 692 1762 terra
714 1733 897 1762 habitabili
920 1733 1007 1762 facit
1028 1742 1131 1762 unam
1152 1734 1340 1770 sphaeram,
1364 1736 1401 1762 ut
1423 1736 1519 1770 patet
1548 1735 1584 1763 in
1614 1737 1730 1764 nostro
1752 1736 1978 1774 chammem
2006 1739 2055 1767 ita
2083 1748 2215 1777 quoque

253 1788 346 1815 terra
367 1786 569 1815 habitabilis
591 1788 643 1815 est
664 1787 828 1823 quaedam
853 1794 931 1822 pars
954 1786 1048 1815 illius
1078 1787 1251 1823 sphaerae,
1281 1789 1315 1816 et
1342 1787 1423 1823 quia
1452 1796 1544 1817 mare
1573 1788 1622 1817 sic
1652 1788 1840 1818 circumdat
1868 1793 1993 1820 terram
2023 1793 2112 1829 quod
2141 1796 2211 1822 tota

250 1842 342 1868 terra
357 1839 560 1868 habitabilis
577 1848 652 1868 cum
669 1839 819 1868 brachiis
836 1839 939 1868 maris
955 1842 990 1868 et
1005 1848 1080 1868 cum
1096 1839 1255 1869 omnibus
1274 1840 1474 1869 fluminibus
1497 1849 1563 1870 non
1587 1844 1638 1870 est
1659 1843 1827 1878 completa
1849 1846 1970 1880 quarta
1993 1853 2070 1881 pars
2092 1848 2212 1877 terrae.

251 1893 329 1922 ideo
352 1901 444 1921 mare
466 1893 641 1921 humectat
662 1895 798 1929 terram,
821 1895 856 1921 et
878 1901 897 1921 a
918 1895 1011 1921 terra
1032 1893 1080 1921 sic
1102 1893 1297 1922 humectata
1320 1902 1381 1929 per
1403 1902 1494 1923 mare
1517 1895 1696 1923 elevantur
1725 1904 1877 1933 vapores,
1907 1898 1945 1925 ut
1967 1898 2087 1933 pluant
2112 1907 2213 1935 super

250 1949 377 1975 terram
407 1949 441 1975 et
468 1946 589 1975 subtus
615 1948 752 1975 terram.
778 1946 876 1975 Unde
906 1947 1062 1975 videmus
1091 1946 1181 1983 quod
1211 1947 1246 1975 in
1276 1949 1407 1976 montes
1437 1948 1545 1984 magis
1574 1948 1751 1977 abundant
1782 1958 1889 1985 aquae
1922 1952 1956 1979 et
1988 1951 2101 1987 plures
2134 1956 2212 1980 sunt

254 2000 365 2029 fontes
388 2008 488 2037 quam
512 2000 546 2028 in
571 2000 730 2037 vallibus,
753 2000 833 2036 quia
856 2001 964 2036 magis
986 2000 1165 2029 abundant
1187 2009 1354 2030 cavernae
1377 2001 1413 2030 in
1436 2002 1610 2031 montibus
1632 2011 1730 2039 qua-m
1755 2002 1788 2031 in
1812 2003 1977 2039 vallibus3
2007 2003 2211 2041 ubicumque

252 2062 332 2090 ergo
355 2056 405 2082 est
428 2056 519 2082 terra
541 2061 737 2089 cavernosa,
759 2053 938 2082 elevantur
962 2061 1106 2089 vapores
1128 2062 1233 2089 usque
1256 2054 1299 2082 ad
1322 2062 1483 2083 cacumen
1508 2063 1684 2091 cavernae,
1707 2055 1755 2084 ibi
1779 2058 1890 2084 autem
1914 2056 2159 2094 ingrossantur,
2178 2060 2212 2087 et

252 2107 474 2143 descendunt,
497 2109 530 2135 et
552 2107 590 2135 fit
612 2107 742 2142 pluvia.
764 2107 815 2135 Ex
839 2106 997 2142 pluribus
1019 2115 1099 2143 ergo
1121 2107 1250 2136 talibus
1272 2107 1430 2136 cavernis
1452 2108 1490 2136 fit
1513 2108 1590 2137 fons
1620 2117 1760 2145 magnus
1789 2109 1843 2138 vel
1871 2117 2006 2145 parvus,
2027 2111 2211 2139 secundum

251 2161 341 2197 quod
363 2160 472 2197 magis
495 2161 548 2189 vel
572 2160 686 2189 minus
708 2160 744 2189 in
766 2160 924 2189 cavernis
946 2160 1066 2189 subtus
1088 2163 1213 2189 terram
1238 2162 1445 2197 generantur
1466 2169 1584 2197 aquae.
1609 2162 1659 2190 Ex
1686 2161 1840 2198 pluribus
1862 2165 1975 2191 autem
1998 2162 2152 2192 fontibus
2174 2164 2212 2192 fit

252 2217 371 2250 postea
394 2214 528 2243 fluvius.
549 2214 619 2243 Hoc
642 2221 722 2250 ergo
745 2213 843 2242 modo
867 2213 965 2242 fluvii
988 2217 1114 2243 exeunt
1137 2223 1156 2242 a
1179 2214 1264 2242 mari
1287 2214 1368 2250 (11113
1390 2222 1481 2243 111316
1504 2215 1677 2244 humectat
1699 2218 1733 2244 et
1756 2215 1904 2244 inebriat
1926 2219 2060 2251 terram,
2082 2225 2123 2245 ex
2145 2225 2211 2253 qua

250 2267 504 2296 humectatione
527 2275 588 2303 per
610 2268 756 2296 calorem
780 2267 862 2296 solis
884 2269 918 2296 et
940 2267 1085 2296 aliorum
1108 2267 1267 2303 siderum,
1295 2276 1436 2304 quorum
1468 2270 1519 2297 est
1547 2268 1692 2297 calorem
1722 2269 1863 2305 efficere,
1891 2269 1977 2297 fiunt
2006 2278 2148 2305 vapores
2178 2273 2211 2298 et

250 2322 430 2350 elevantur
453 2324 486 2349 et
510 2321 643 2349 faciunt
665 2320 793 2357 fontes3
814 2321 871 2357 qui
895 2321 1033 2357 quidem
1058 2321 1170 2350 fontes
1192 2321 1367 2350 coniuncti
1392 2321 1524 2350 faciunt
1554 2322 1685 2351 fluvios.
1716 2323 1766 2351 Ex
1795 2322 1980 2359 vaporibus
2002 2331 2081 2359 ergo
2104 2322 2138 2351 in
2162 2331 2210 2363 ca-

251 2374 367 2403 vernis
389 2376 501 2403 terrae
523 2374 696 2410 generatis
719 2382 786 2403 non
815 2375 923 2403 80111111
954 2375 1041 2403 fiunt
1070 2374 1183 2403 fontes
1212 2377 1246 2403 et
1276 2375 1384 2410 fluvii,
1412 2375 1470 2404 sed
1500 2383 1541 2404 ex
1575 2375 1761 2412 vaporibus
1793 2384 1894 2412 super
1915 2378 2040 2404 terram
2067 2376 2210 2405 elevatis

249 2429 516 2464 augmentantur
532 2427 586 2456 vel
602 2427 706 2456 etiam
722 2430 929 2464 generantur
945 2427 1054 2463 fluvii,
1070 2428 1151 2464 quia
1173 2436 1214 2456 ex
1240 2436 1361 2464 magna
1384 2428 1541 2457 siccitate
1564 2429 1719 2458 videmus
1741 2429 1873 2465 aliquos
1895 2429 2016 2458 fluvios
2039 2429 2209 2458 desiccare

250 2481 400 2510 omnino.
423 2481 498 2509 Non
521 2481 610 2509 enim
634 2481 682 2509 sic
707 2483 845 2516 possent
867 2481 1033 2509 desiccari
1064 2481 1130 2509 rivi
1161 2482 1215 2510 vel
1246 2481 1342 2510 fluvii
1372 2482 1527 2518 generati
1557 2490 1597 2510 ex
1628 2475 1812 2518 vaporibus
1842 2483 1877 2510 iu
1906 2482 2062 2511 cavernis
2091 2484 2211 2518 terrae,

251 2534 332 2570 quia
354 2536 466 2563 stante
489 2542 591 2562 631183
613 2536 681 2562 stat
703 2534 855 2563 effectus.
877 2534 1029 2570 Vapores
1052 2534 1142 2563 enim
1167 2534 1202 2563 in
1225 2535 1383 2563 cavernis
1406 2538 1517 2564 terrae
1540 2544 1607 2564 non
1631 2535 1677 2563 ita
1705 2535 1920 2564 desiccantur
1949 2535 2037 2564 sicut
2066 2543 2210 2571 vapores

252 2587 377 2616 elevati
409 2595 512 2623 super
540 2589 663 2615 terram
688 2589 722 2615 et
744 2587 842 2615 fluvii
866 2587 945 2616 inde
968 2587 1122 2623 generati
1146 2596 1213 2616 non
1237 2588 1286 2616 ita
1311 2588 1528 2617 desiccantur
1557 2588 1645 2617 sicut
1675 2589 1762 2617 aliis.
1793 2589 1891 2624 Ipsae
1920 2596 1999 2625 ergo
2028 2596 2135 2625 aquae
2165 2597 2210 2617 86-

251 2640 399 2668 cundum
422 2648 457 2669 se
480 2648 547 2669 non
570 2640 771 2674 ascendunt,
790 2640 849 2669 sed
872 2648 1016 2676 vapores
1046 2640 1125 2669 inde
1155 2641 1281 2669 elevati
1312 2649 1372 2677 per
1401 2641 1546 2670 calorem
1577 2641 1831 2677 incorporatum
1859 2641 2063 2677 ascendunt,
2086 2643 2119 2670 et
2149 2642 2209 2670 hoc

252 2693 350 2722 modo
373 2696 556 2729 generatur
579 2693 677 2722 fluvii
700 2702 719 2721 3
742 2693 827 2721 111311
850 2695 884 2721 et
906 2693 948 2722 ad
972 2702 1063 2722 mare
1086 2695 1307 2722 revertuntur
1328 2696 1366 2722 ut
1388 2694 1511 2722 iterum
1535 2694 1641 2722 fiuant
1642 2713 1682 2723 .....
1705 2694 1749 2722 Et.
1770 2694 1819 2722 sic
1835 2694 1946 2722 soluta
1961 2695 2012 2722 est
2027 2693 2209 2722 difficultas

252 2746 410 2782 prima-²).
435 2747 476 2776 [η
501 2750 563 2775 2.“”“
589 2746 705 2775 libram
730 2748 978 2783 Sententiarum,
1004 2746 1165 2775 Distinet.
1188 2747 1282 2777 XIV.
1304 2755 1334 2783 q.
1357 2748 1399 2783 2³,
1421 2749 1484 2776 art.
1508 2748 1535 2782 1,
1558 2746 1640 2775 Ven.
1666 2748 1751 2776 1581.
1774 2755 1805 2782 p.
1827 2747 1882 2775 601
1907 2754 1976 2783 sgg.

344 2934 365 2961 ¹)
385 2933 405 2955 E
423 2932 450 2955 10
467 2933 581 2963 scioglie
600 2933 648 2962 11111
667 2933 789 2956 innanzi.
807 2932 1023 2955 attribuendone
1043 2932 1069 2955 la
1086 2940 1169 2956 causa
1187 2933 1398 2957 all’attrazione
1415 2933 1491 2956 della
1511 2933 1577 2956 111113
1595 2941 1608 2955 0
1626 2933 1700 2962 degli
1719 2933 1796 2956 astri.
1817 2934 1854 2956 La
1872 2936 1945 2957 terza
1958 2934 2099 2958 obiezioue
2112 2936 2126 2958 6
2140 2942 2208 2965 pure

251 2977 287 2999 da
306 2976 345 2999 lui
365 2976 464 3000 soiolta
482 2976 696 3007 aualoganiente
714 2976 772 2999 nlla
790 2977 919 3006 Quaeutio,
938 2977 950 3005 §N
968 2976 1070 3002 xxm,
1088 2977 1110 2999 3.

344 3021 369 3049 ²)
388 3021 399 3044 1
420 3021 501 3050 punti
519 3021 548 3044 di
566 3022 689 3044 contatto
708 3023 751 3044 tra
769 3021 789 3043 il
807 3021 933 3044 Colonna
950 3028 964 3043 e
983 3020 1113 3044 l'Autore
1131 3021 1207 3045 della
1225 3024 1345 3052 manentia
1362 3030 1429 3045 80110
1448 3022 1474 3044 111
1498 3025 1625 3045 sosianza
1646 3022 1733 3051 quelli
1757 3023 1837 3045 stessi
1860 3022 1909 3046 che
1932 3023 2060 3046 abbiamo
2081 3024 2209 3047 stabilito

251 3065 296 3095 pel
314 3066 472 3094 (3311111311ος
491 3065 510 3088 11
530 3065 657 3088 Colonna
674 3066 740 3095 pero
758 3066 781 3088 si
799 3065 918 3095 dilunga
936 3072 973 3088 un
992 3066 1035 3095 po'
1047 3065 1093 3094 piu
1112 3073 1127 3088 6
1145 3065 1272 3089 riferisce
1290 3066 1377 3089 anclw
1396 3068 1437 3089 tre
1457 3067 1562 3096 ragioni
1581 3066 1631 3089 6116
1644 3068 1800 3089 mettevano
1813 3067 1925 3089 innanzi
1940 3067 1948 3089 i
1961 3067 2121 3091 sosteuitori
2134 3068 2210 3091 della

252 3109 378 3140 maggior
396 3109 499 3132 altezza
517 3109 561 3132 del
580 3116 665 3137 mare,
685 3110 794 3140 ragioni
812 3109 862 3133 che
880 3110 954 3132 anno
972 3111 1070 3133 strena
1088 3109 1194 3133 affinita
1211 3118 1261 3133 6011
1281 3111 1374 3141 quelle
1393 3111 1531 3134 riassunte
1550 3110 1626 3133 nella
1643 3111 1772 3140 Quaestio,
1790 3111 1803 3139 ᾧ
1832 3110 1877 3137 Vl.
1897 3110 1949 3134 vn
1967 3118 1981 3133 e
2006 3111 2036 3134 V.
2063 3111 2112 3135 Del
2137 3115 2210 3135 resto

252 3154 279 3176 la
296 3154 463 3177 trattazione
481 3153 525 3177 del
544 3153 669 3177 Colonna
687 3155 701 3177 e
718 3154 853 3183 alquanto
871 3154 1008 3177 arruffata
1025 3162 1039 3177 6
1058 3161 1164 3182 11101163,
1184 3157 1271 3185 punto
1288 3155 1433 3178 ‹lialottica
1450 3163 1463 3178 6
1482 3154 1685 3181 ‹limostrativa‚
1703 3162 1717 3177 e
1735 3154 1762 3177 di
1782 3154 1829 3183 piu
1848 3154 1977 3178 discorda
1995 3155 2068 3179 colla
2090 3157 2210 3186 Quaestio

250 3205 264 3221 e
282 3205 331 3221 con
351 3198 440 3221 Dante
458 3197 695 3221 nell'ammettere
712 3197 762 3221 che
780 3199 789 3221 i
807 3198 883 3221 fluuii
901 3205 968 3221 sono
985 3198 1141 3222 alimentati
1160 3199 1247 3223 anche
1265 3199 1301 3223 da
1319 3200 1415 3229 vapori
1433 3199 1558 3229 generati
1576 3200 1655 3222 entre
1673 3200 1762 3221 terra:
1782 3198 1801 3221 il
1821 3199 1909 3221 latino
1927 3199 1971 3229 poi
1985 3200 2009 3227 e,
2022 3199 2110 3223 anche
2123 3200 2208 3224 scola-

251 3242 415 3269 sticanente,
434 3242 519 3265 molto
531 3243 630 3266 sciatto
643 3250 658 3266 6
670 3242 807 3272 pedestre.
822 3242 874 3265 Per
887 3249 922 3265 un
936 3249 1033 3272 grosso
1045 3249 1139 3266 errore
1153 3243 1181 3267 ‹li
1195 3243 1301 3267 calcolo
1313 3244 1480 3274 gemnetrico
1495 3243 1522 3265 in
1536 3243 1580 3265 cui
1593 3243 1607 3265 e
1620 3243 1729 3265 incorso
1742 3242 1760 3265 il
1775 3242 1899 3266 Colonnn.
1913 3243 1939 3265 in
1956 3243 2106 3272 Emmeron,
2120 3244 2157 3272 11,
2171 3245 2209 3271 2:⁷1,

251 3286 302 3309 cfr.
322 3287 496 3314 ANGELlTTI,
517 3287 618 3309 Recens.
638 3287 684 3310 cit.
703 3286 854 3317 (Bibliogr,
874 3287 897 3313 δ,
915 3286 970 3315 66).
