<?xml version="1.0" encoding="UTF-8"?>
<!DOCTYPE html PUBLIC "-//W3C//DTD XHTML 1.0 Transitional//EN"
    "http://www.w3.org/TR/xhtml1/DTD/xhtml1-transitional.dtd">
<html xmlns="http://www.w3.org/1999/xhtml" xml:lang="en" lang="en">
 <head>
  <title>
</title>
<meta http-equiv="Content-Type" content="text/html;charset=utf-8" />
  <meta name='ocr-system' content='tesseract 3.04.00' />
  <meta name='ocr-capabilities' content='ocr_page ocr_carea ocr_par ocr_line ocrx_word'/>
</head>
<body>
  <div class='ocr_page' id='page_1' title='image "./laquaestiodeaqu00dantuoft_0165.png"; bbox 0 0 2579 3833; ppageno 0'>
   <div class='ocr_carea' id='block_1_1' title="bbox 919 233 1554 270">
    <p class='ocr_par' dir='ltr' id='par_1_1' title="bbox 919 233 1554 270">
     <span class='ocr_line' id='line_1_1' title="bbox 919 233 1554 270; baseline 0.002 -9"><span class='ocrx_word' id='word_1_1' title='bbox 919 239 1028 262; x_wconf 63' lang='lat' dir='ltr'>&#39;resero</span> <span class='ocrx_word' id='word_1_2' title='bbox 1051 239 1074 261; x_wconf 83' lang='lat' dir='ltr'>E</span> <span class='ocrx_word' id='word_1_3' title='bbox 1096 239 1303 270; x_wconf 73' lang='lat' dir='ltr'>COMMENTO,</span> <span class='ocrx_word' id='word_1_4' title='bbox 1324 233 1343 270; x_wconf 67' lang='grc' dir='ltr'>ξ</span> <span class='ocrx_word' id='word_1_5' title='bbox 1364 234 1462 270; x_wconf 82' lang='lat' dir='ltr'>XXI,</span> <span class='ocrx_word' id='word_1_6' title='bbox 1488 234 1513 270; x_wconf 80' lang='grc' dir='ltr'>ῖ,</span> <span class='ocrx_word' id='word_1_7' title='bbox 1536 234 1554 262; x_wconf 83' lang='lat'>8</span> 
     </span>
    </p>
   </div>
   <div class='ocr_carea' id='block_1_2' title="bbox 2144 235 2202 263">
    <p class='ocr_par' dir='ltr' id='par_1_2' title="bbox 2144 235 2202 263">
     <span class='ocr_line' id='line_1_2' title="bbox 2144 235 2202 263; baseline 0 0"><span class='ocrx_word' id='word_1_8' title='bbox 2144 235 2202 263; x_wconf 85' lang='lat'>153</span> 
     </span>
    </p>
   </div>
   <div class='ocr_carea' id='block_1_3' title="bbox 233 358 2200 407">
    <p class='ocr_par' dir='ltr' id='par_1_3' title="bbox 233 358 2200 407">
     <span class='ocr_line' id='line_1_3' title="bbox 233 358 2200 407; baseline 0.001 -14"><span class='ocrx_word' id='word_1_9' title='bbox 233 358 491 394; x_wconf 78' lang='lat' dir='ltr'><strong>uniformiter</strong></span> <span class='ocrx_word' id='word_1_10' title='bbox 525 370 596 405; x_wconf 89' lang='lat' dir='ltr'>per</span> <span class='ocrx_word' id='word_1_11' title='bbox 624 361 753 394; x_wconf 87' lang='lat' dir='ltr'>totum</span> <span class='ocrx_word' id='word_1_12' title='bbox 783 359 1020 402; x_wconf 74' lang='lat' dir='ltr'>virtuatum,</span> <span class='ocrx_word' id='word_1_13' title='bbox 1050 370 1128 394; x_wconf 90' lang='lat' dir='ltr'>non</span> <span class='ocrx_word' id='word_1_14' title='bbox 1158 361 1216 394; x_wconf 85' lang='lat' dir='ltr'>est</span> <span class='ocrx_word' id='word_1_15' title='bbox 1243 360 1346 394; x_wconf 89' lang='lat' dir='ltr'>ratio</span> <span class='ocrx_word' id='word_1_16' title='bbox 1376 371 1498 406; x_wconf 88' lang='lat' dir='ltr'>quare</span> <span class='ocrx_word' id='word_1_17' title='bbox 1526 361 1655 407; x_wconf 81' lang='lat' dir='ltr'>inagis</span> <span class='ocrx_word' id='word_1_18' title='bbox 1684 361 1734 395; x_wconf 88' lang='lat' dir='ltr'>ab</span> <span class='ocrx_word' id='word_1_19' title='bbox 1763 361 1838 396; x_wconf 89' lang='lat' dir='ltr'>ista</span> <span class='ocrx_word' id='word_1_20' title='bbox 1867 363 1977 407; x_wconf 83' lang='lat' dir='ltr'>parte</span> <span class='ocrx_word' id='word_1_21' title='bbox 1998 372 2119 407; x_wconf 86' lang='lat' dir='ltr'>quam</span> <span class='ocrx_word' id='word_1_22' title='bbox 2151 361 2200 395; x_wconf 87' lang='lat' dir='ltr'>ab</span> 
     </span>
    </p>
   </div>
   <div class='ocr_carea' id='block_1_4' title="bbox 232 425 2199 473">
    <p class='ocr_par' dir='ltr' id='par_1_4' title="bbox 232 425 2199 473">
     <span class='ocr_line' id='line_1_4' title="bbox 232 425 2199 473; baseline 0.001 -13"><span class='ocrx_word' id='word_1_23' title='bbox 232 425 314 460; x_wconf 89' lang='lat' dir='ltr'>alia</span> <span class='ocrx_word' id='word_1_24' title='bbox 343 425 547 461; x_wconf 77' lang='lat' dir='ltr'>elevasset.</span> <span class='ocrx_word' id='word_1_25' title='bbox 577 425 681 461; x_wconf 82' lang='lat' dir='ltr'>Cum</span> <span class='ocrx_word' id='word_1_26' title='bbox 710 426 834 471; x_wconf 79' lang='lat' dir='ltr'>igitur</span> <span class='ocrx_word' id='word_1_27' title='bbox 862 437 941 460; x_wconf 93' lang='lat' dir='ltr'>non</span> <span class='ocrx_word' id='word_1_28' title='bbox 971 427 1049 461; x_wconf 91' lang='lat' dir='ltr'>sint</span> <span class='ocrx_word' id='word_1_29' title='bbox 1078 426 1194 472; x_wconf 87' lang='lat' dir='ltr'>plura</span> <span class='ocrx_word' id='word_1_30' title='bbox 1223 438 1388 472; x_wconf 86' lang='lat' dir='ltr'>corpora</span> <span class='ocrx_word' id='word_1_31' title='bbox 1417 427 1598 470; x_wconf 77' lang='lat' dir='ltr'>mobilia,</span> <span class='ocrx_word' id='word_1_32' title='bbox 1631 429 1760 473; x_wconf 85' lang='lat' dir='ltr'>preter</span> <span class='ocrx_word' id='word_1_33' title='bbox 1788 427 1945 462; x_wconf 76' lang='grc'>00011111]</span> <span class='ocrx_word' id='word_1_34' title='bbox 1981 428 2199 473; x_wconf 84' lang='lat' dir='ltr'>stellatum,</span> 
     </span>
    </p>
   </div>
   <div class='ocr_carea' id='block_1_5' title="bbox 231 493 1773 539">
    <p class='ocr_par' dir='ltr' id='par_1_5' title="bbox 231 493 1773 539">
     <span class='ocr_line' id='line_1_5' title="bbox 231 493 1773 539; baseline 0.001 -13"><span class='ocrx_word' id='word_1_35' title='bbox 231 493 338 538; x_wconf 85' lang='lat' dir='ltr'>quod</span> <span class='ocrx_word' id='word_1_36' title='bbox 368 494 425 526; x_wconf 87' lang='lat' dir='ltr'>est</span> <span class='ocrx_word' id='word_1_37' title='bbox 453 493 592 526; x_wconf 81' lang='lat' dir='ltr'>octava</span> <span class='ocrx_word' id='word_1_38' title='bbox 623 503 747 538; x_wconf 83' lang='lat' dir='ltr'>spera,</span> <span class='ocrx_word' id='word_1_39' title='bbox 772 503 928 527; x_wconf 77' lang='lat' dir='ltr'>necesse</span> <span class='ocrx_word' id='word_1_40' title='bbox 957 495 1014 527; x_wconf 88' lang='lat' dir='ltr'>est</span> <span class='ocrx_word' id='word_1_41' title='bbox 1042 493 1147 527; x_wconf 84' lang='lat' dir='ltr'>hunc</span> <span class='ocrx_word' id='word_1_42' title='bbox 1177 493 1362 527; x_wconf 79' lang='lat' dir='ltr'>effectum</span> <span class='ocrx_word' id='word_1_43' title='bbox 1393 493 1433 527; x_wconf 93' lang='lat' dir='ltr'>in</span> <span class='ocrx_word' id='word_1_44' title='bbox 1463 494 1594 539; x_wconf 85' lang='lat' dir='ltr'>ipsum</span> <span class='ocrx_word' id='word_1_45' title='bbox 1625 494 1773 529; x_wconf 78' lang='lat' dir='ltr'>reduci.</span> 
     </span>
    </p>
   </div>
   <div class='ocr_carea' id='block_1_6' title="bbox 230 636 1191 2227">
    <p class='ocr_par' dir='ltr' id='par_1_6' title="bbox 232 636 1191 1206">
     <span class='ocr_line' id='line_1_6' title="bbox 313 636 1189 673; baseline 0.001 -9"><span class='ocrx_word' id='word_1_46' title='bbox 313 637 531 665; x_wconf 81' lang='lat' dir='ltr'>Ptolomaeus</span> <span class='ocrx_word' id='word_1_47' title='bbox 564 639 677 666; x_wconf 88' lang='lat' dir='ltr'>autem</span> <span class='ocrx_word' id='word_1_48' title='bbox 703 637 856 673; x_wconf 76' lang='lat' dir='ltr'>assignat</span> <span class='ocrx_word' id='word_1_49' title='bbox 881 636 983 665; x_wconf 88' lang='lat' dir='ltr'>aliam</span> <span class='ocrx_word' id='word_1_50' title='bbox 1011 636 1189 672; x_wconf 78' lang='lat' dir='ltr'>sphaeram</span> 
     </span>
     <span class='ocr_line' id='line_1_7' title="bbox 234 689 1191 727; baseline 0 -9"><span class='ocrx_word' id='word_1_51' title='bbox 234 697 336 725; x_wconf 91' lang='lat' dir='ltr'>super</span> <span class='ocrx_word' id='word_1_52' title='bbox 353 689 447 726; x_wconf 73' lang='lat' dir='ltr'>istas,</span> <span class='ocrx_word' id='word_1_53' title='bbox 464 689 498 718; x_wconf 87' lang='lat' dir='ltr'>in</span> <span class='ocrx_word' id='word_1_54' title='bbox 520 698 586 726; x_wconf 85' lang='lat' dir='ltr'>qua</span> <span class='ocrx_word' id='word_1_55' title='bbox 608 692 688 719; x_wconf 91' lang='lat' dir='ltr'>sunt</span> <span class='ocrx_word' id='word_1_56' title='bbox 710 690 836 727; x_wconf 80' lang='lat' dir='ltr'>Angeli</span> <span class='ocrx_word' id='word_1_57' title='bbox 860 692 894 719; x_wconf 86' lang='lat' dir='ltr'>et</span> <span class='ocrx_word' id='word_1_58' title='bbox 915 698 969 719; x_wconf 88' lang='lat' dir='ltr'>res</span> <span class='ocrx_word' id='word_1_59' title='bbox 992 690 1191 726; x_wconf 78' lang='lat' dir='ltr'>spirituales</span> 
     </span>
     <span class='ocr_line' id='line_1_8' title="bbox 233 742 1190 780; baseline 0 -9"><span class='ocrx_word' id='word_1_60' title='bbox 233 742 477 779; x_wconf 79' lang='lat' dir='ltr'>incorporales,</span> <span class='ocrx_word' id='word_1_61' title='bbox 500 746 532 771; x_wconf 83' lang='lat' dir='ltr'>et</span> <span class='ocrx_word' id='word_1_62' title='bbox 556 743 616 772; x_wconf 88' lang='lat' dir='ltr'>illa</span> <span class='ocrx_word' id='word_1_63' title='bbox 639 745 689 772; x_wconf 87' lang='lat' dir='ltr'>est</span> <span class='ocrx_word' id='word_1_64' title='bbox 712 743 899 772; x_wconf 87' lang='lat' dir='ltr'>immobilis</span> <span class='ocrx_word' id='word_1_65' title='bbox 923 754 950 779; x_wconf 83' lang='lat'>»,</span> <span class='ocrx_word' id='word_1_66' title='bbox 972 744 1033 779; x_wconf 89' lang='lat' dir='ltr'>ID.,</span> <span class='ocrx_word' id='word_1_67' title='bbox 1052 744 1139 780; x_wconf 68' lang='lat' dir='ltr'>Isagy.</span> <span class='ocrx_word' id='word_1_68' title='bbox 1157 744 1190 771; x_wconf 75' lang='lat' dir='ltr'>in</span> 
     </span>
     <span class='ocr_line' id='line_1_9' title="bbox 235 790 1190 833; baseline 0 -9"><span class='ocrx_word' id='word_1_69' title='bbox 235 796 284 824; x_wconf 84' lang='lat' dir='ltr'>De</span> <span class='ocrx_word' id='word_1_70' title='bbox 298 796 393 833; x_wconf 74' lang='lat' dir='ltr'>coelo,</span> <span class='ocrx_word' id='word_1_71' title='bbox 411 799 439 824; x_wconf 65' lang='lat' dir='ltr'>et</span> <span class='ocrx_word' id='word_1_72' title='bbox 458 806 507 833; x_wconf 82' lang='lat' dir='ltr'>m.,</span> <span class='ocrx_word' id='word_1_73' title='bbox 527 805 601 833; x_wconf 82' lang='lat' dir='ltr'>cap.</span> <span class='ocrx_word' id='word_1_74' title='bbox 620 798 634 825; x_wconf 75' lang='lat'>7</span> <span class='ocrx_word' id='word_1_75' title='bbox 649 797 758 833; x_wconf 84' lang='lat' dir='ltr'>(XXI,</span> <span class='ocrx_word' id='word_1_76' title='bbox 771 798 818 833; x_wconf 74' lang='lat'>15,</span> <span class='ocrx_word' id='word_1_77' title='bbox 832 798 871 833; x_wconf 91' lang='lat'>1).</span> <span class='ocrx_word' id='word_1_78' title='bbox 883 790 910 825; x_wconf 75' lang='lat' dir='ltr'>F]</span> <span class='ocrx_word' id='word_1_79' title='bbox 925 796 1041 825; x_wconf 86' lang='lat' dir='ltr'>chiaro</span> <span class='ocrx_word' id='word_1_80' title='bbox 1053 797 1190 832; x_wconf 90' lang='lat' dir='ltr'>dunque</span> 
     </span>
     <span class='ocr_line' id='line_1_10' title="bbox 233 849 1190 886; baseline 0.001 -9"><span class='ocrx_word' id='word_1_81' title='bbox 233 849 294 878; x_wconf 73' lang='lat' dir='ltr'>che</span> <span class='ocrx_word' id='word_1_82' title='bbox 310 857 348 878; x_wconf 91' lang='grc'>311</span> <span class='ocrx_word' id='word_1_83' title='bbox 371 851 491 886; x_wconf 87' lang='lat' dir='ltr'>questo</span> <span class='ocrx_word' id='word_1_84' title='bbox 508 852 615 885; x_wconf 88' lang='lat' dir='ltr'>punto</span> <span class='ocrx_word' id='word_1_85' title='bbox 631 851 658 879; x_wconf 71' lang='grc' dir='ltr'>ρ’</span> <span class='ocrx_word' id='word_1_86' title='bbox 669 858 725 879; x_wconf 79' lang='lat' dir='ltr'>era</span> <span class='ocrx_word' id='word_1_87' title='bbox 741 850 907 879; x_wconf 67' lang='lat' dir='ltr'>diversitsi</span> <span class='ocrx_word' id='word_1_88' title='bbox 925 850 960 879; x_wconf 85' lang='lat' dir='ltr'>di</span> <span class='ocrx_word' id='word_1_89' title='bbox 977 849 1156 886; x_wconf 80' lang='lat' dir='ltr'>opinione;</span> <span class='ocrx_word' id='word_1_90' title='bbox 1173 858 1190 878; x_wconf 93' lang='lat' dir='ltr'>e</span> 
     </span>
     <span class='ocr_line' id='line_1_11' title="bbox 233 903 1190 939; baseline 0 -8"><span class='ocrx_word' id='word_1_91' title='bbox 233 903 276 931; x_wconf 78' lang='lat' dir='ltr'>ad</span> <span class='ocrx_word' id='word_1_92' title='bbox 293 910 348 939; x_wconf 86' lang='lat' dir='ltr'>es.,</span> <span class='ocrx_word' id='word_1_93' title='bbox 364 903 553 932; x_wconf 77' lang='lat' dir='ltr'>VINeENzo</span> <span class='ocrx_word' id='word_1_94' title='bbox 566 910 604 931; x_wconf 90' lang='lat' dir='ltr'>DI</span> <span class='ocrx_word' id='word_1_95' title='bbox 620 904 812 933; x_wconf 75' lang='lat' dir='ltr'>BEAUvArs</span> <span class='ocrx_word' id='word_1_96' title='bbox 828 904 924 939; x_wconf 80' lang='lat' dir='ltr'>parla</span> <span class='ocrx_word' id='word_1_97' title='bbox 941 914 957 931; x_wconf 84' lang='lat'>«</span> <span class='ocrx_word' id='word_1_98' title='bbox 974 904 1024 932; x_wconf 89' lang='lat' dir='ltr'>De</span> <span class='ocrx_word' id='word_1_99' title='bbox 1039 903 1190 939; x_wconf 87' lang='lat' dir='ltr'>quinque</span> 
     </span>
     <span class='ocr_line' id='line_1_12' title="bbox 233 955 1191 986; baseline -0.001 -1"><span class='ocrx_word' id='word_1_100' title='bbox 233 956 338 985; x_wconf 82' lang='lat' dir='ltr'>coelis</span> <span class='ocrx_word' id='word_1_101' title='bbox 359 958 393 985; x_wconf 81' lang='lat' dir='ltr'>et</span> <span class='ocrx_word' id='word_1_102' title='bbox 416 965 531 986; x_wconf 86' lang='lat' dir='ltr'>eorum</span> <span class='ocrx_word' id='word_1_103' title='bbox 555 957 733 986; x_wconf 84' lang='lat' dir='ltr'>effectibus</span> <span class='ocrx_word' id='word_1_104' title='bbox 755 957 790 985; x_wconf 90' lang='lat' dir='ltr'>in</span> <span class='ocrx_word' id='word_1_105' title='bbox 810 956 911 985; x_wconf 88' lang='lat' dir='ltr'>rebus</span> <span class='ocrx_word' id='word_1_106' title='bbox 926 955 1191 985; x_wconf 59' lang='lat' dir='ltr'>inferioribus...</span> 
     </span>
     <span class='ocr_line' id='line_1_13' title="bbox 234 1009 1189 1047; baseline -0.001 -9"><span class='ocrx_word' id='word_1_107' title='bbox 234 1011 283 1039; x_wconf 86' lang='lat' dir='ltr'>De</span> <span class='ocrx_word' id='word_1_108' title='bbox 296 1011 426 1046; x_wconf 81' lang='lat' dir='ltr'>septem</span> <span class='ocrx_word' id='word_1_109' title='bbox 439 1011 553 1047; x_wconf 80' lang='lat' dir='ltr'>coelis,</span> <span class='ocrx_word' id='word_1_110' title='bbox 565 1012 629 1039; x_wconf 83' lang='lat' dir='ltr'>etc.</span> <span class='ocrx_word' id='word_1_111' title='bbox 642 1020 669 1047; x_wconf 85' lang='lat'>&gt;›,</span> <span class='ocrx_word' id='word_1_112' title='bbox 681 1010 852 1047; x_wconf 85' lang='lat' dir='ltr'>seguendo</span> <span class='ocrx_word' id='word_1_113' title='bbox 866 1010 875 1038; x_wconf 94' lang='lat' dir='ltr'>i</span> <span class='ocrx_word' id='word_1_114' title='bbox 889 1009 1008 1039; x_wconf 86' lang='lat' dir='ltr'>vecchi</span> <span class='ocrx_word' id='word_1_115' title='bbox 1017 1009 1189 1038; x_wconf 72' lang='lat' dir='ltr'>scolastici</span> 
     </span>
     <span class='ocr_line' id='line_1_14' title="bbox 232 1063 1190 1100; baseline -0.001 -8"><span class='ocrx_word' id='word_1_116' title='bbox 232 1072 250 1092; x_wconf 86' lang='lat' dir='ltr'>e</span> <span class='ocrx_word' id='word_1_117' title='bbox 267 1063 366 1099; x_wconf 87' lang='lat' dir='ltr'>padri</span> <span class='ocrx_word' id='word_1_118' title='bbox 381 1063 472 1092; x_wconf 86' lang='lat' dir='ltr'>della</span> <span class='ocrx_word' id='word_1_119' title='bbox 488 1064 621 1098; x_wconf 85' lang='lat' dir='ltr'>Chiesa,</span> <span class='ocrx_word' id='word_1_120' title='bbox 641 1063 782 1092; x_wconf 81' lang='lat' dir='ltr'>Rabano</span> <span class='ocrx_word' id='word_1_121' title='bbox 802 1063 931 1100; x_wconf 86' lang='lat' dir='ltr'>Mauro,</span> <span class='ocrx_word' id='word_1_122' title='bbox 954 1063 978 1091; x_wconf 93' lang='lat' dir='ltr'>il</span> <span class='ocrx_word' id='word_1_123' title='bbox 1001 1063 1105 1099; x_wconf 85' lang='lat' dir='ltr'>Beda,</span> <span class='ocrx_word' id='word_1_124' title='bbox 1127 1064 1190 1091; x_wconf 82' lang='lat' dir='ltr'>ete.</span> 
     </span>
     <span class='ocr_line' id='line_1_15' title="bbox 234 1117 1190 1154; baseline -0.002 -8"><span class='ocrx_word' id='word_1_125' title='bbox 234 1117 304 1146; x_wconf 73' lang='lat' dir='ltr'>(lfr.</span> <span class='ocrx_word' id='word_1_126' title='bbox 327 1117 358 1146; x_wconf 82' lang='lat' dir='ltr'>S.</span> <span class='ocrx_word' id='word_1_127' title='bbox 381 1117 479 1154; x_wconf 61' lang='lat' dir='ltr'>TOM„</span> <span class='ocrx_word' id='word_1_128' title='bbox 502 1118 551 1146; x_wconf 78' lang='lat' dir='ltr'>De</span> <span class='ocrx_word' id='word_1_129' title='bbox 572 1118 656 1146; x_wconf 77' lang='lat' dir='ltr'>coelo</span> <span class='ocrx_word' id='word_1_130' title='bbox 679 1120 716 1147; x_wconf 78' lang='lat' dir='ltr'>et.</span> <span class='ocrx_word' id='word_1_131' title='bbox 738 1126 789 1154; x_wconf 80' lang='lat' dir='ltr'>m.,</span> <span class='ocrx_word' id='word_1_132' title='bbox 815 1117 860 1153; x_wconf 90' lang='lat' dir='ltr'>II,</span> <span class='ocrx_word' id='word_1_133' title='bbox 883 1123 960 1153; x_wconf 74' lang='lat' dir='ltr'>XIX,</span> <span class='ocrx_word' id='word_1_134' title='bbox 981 1125 1041 1153; x_wconf 89' lang='lat' dir='ltr'>per</span> <span class='ocrx_word' id='word_1_135' title='bbox 1062 1117 1190 1145; x_wconf 84' lang='lat' dir='ltr'>intero:</span> 
     </span>
     <span class='ocr_line' id='line_1_16' title="bbox 236 1170 1149 1206; baseline 0 -8"><span class='ocrx_word' id='word_1_136' title='bbox 236 1181 249 1197; x_wconf 79' lang='lat'>«</span> <span class='ocrx_word' id='word_1_137' title='bbox 264 1171 313 1199; x_wconf 87' lang='lat' dir='ltr'>De</span> <span class='ocrx_word' id='word_1_138' title='bbox 336 1178 477 1199; x_wconf 88' lang='lat' dir='ltr'>numero</span> <span class='ocrx_word' id='word_1_139' title='bbox 500 1171 719 1206; x_wconf 83' lang='lat' dir='ltr'>sphaerarum</span> <span class='ocrx_word' id='word_1_140' title='bbox 743 1170 927 1199; x_wconf 84' lang='lat' dir='ltr'>seeundum</span> <span class='ocrx_word' id='word_1_141' title='bbox 952 1170 1106 1199; x_wconf 85' lang='lat' dir='ltr'>diversos</span> <span class='ocrx_word' id='word_1_142' title='bbox 1122 1178 1149 1198; x_wconf 87' lang='lat'>›&gt;.</span> 
     </span>
    </p>

    <p class='ocr_par' dir='ltr' id='par_1_7' title="bbox 230 1223 1190 2227">
     <span class='ocr_line' id='line_1_17' title="bbox 314 1223 1190 1261; baseline -0.001 -9"><span class='ocrx_word' id='word_1_143' title='bbox 314 1223 392 1253; x_wconf 80' lang='lat' dir='ltr'>Mai</span> <span class='ocrx_word' id='word_1_144' title='bbox 405 1224 537 1261; x_wconf 80' lang='lat' dir='ltr'>giganti</span> <span class='ocrx_word' id='word_1_145' title='bbox 551 1224 641 1253; x_wconf 90' lang='lat' dir='ltr'>della</span> <span class='ocrx_word' id='word_1_146' title='bbox 653 1223 843 1260; x_wconf 82' lang='lat' dir='ltr'>scolastica,</span> <span class='ocrx_word' id='word_1_147' title='bbox 854 1225 896 1252; x_wconf 76' lang='lat' dir='ltr'>A.</span> <span class='ocrx_word' id='word_1_148' title='bbox 906 1223 1041 1260; x_wconf 84' lang='lat' dir='ltr'>Magno,</span> <span class='ocrx_word' id='word_1_149' title='bbox 1054 1223 1086 1252; x_wconf 82' lang='lat' dir='ltr'>S.</span> <span class='ocrx_word' id='word_1_150' title='bbox 1098 1223 1190 1252; x_wconf 85' lang='lat' dir='ltr'>Tom-</span> 
     </span>
     <span class='ocr_line' id='line_1_18' title="bbox 234 1276 1190 1314; baseline -0.002 -8"><span class='ocrx_word' id='word_1_151' title='bbox 234 1285 336 1314; x_wconf 84' lang='lat' dir='ltr'>maso,</span> <span class='ocrx_word' id='word_1_152' title='bbox 359 1285 376 1306; x_wconf 94' lang='lat' dir='ltr'>e</span> <span class='ocrx_word' id='word_1_153' title='bbox 399 1277 490 1313; x_wconf 87' lang='lat' dir='ltr'>altri,</span> <span class='ocrx_word' id='word_1_154' title='bbox 514 1285 574 1306; x_wconf 89' lang='lat' dir='ltr'>son</span> <span class='ocrx_word' id='word_1_155' title='bbox 597 1277 781 1306; x_wconf 82' lang='lat' dir='ltr'>d’aecordo</span> <span class='ocrx_word' id='word_1_156' title='bbox 804 1277 948 1305; x_wconf 85' lang='lat' dir='ltr'>eoll⁷A.:</span> <span class='ocrx_word' id='word_1_157' title='bbox 971 1286 987 1304; x_wconf 84' lang='lat'>«</span> <span class='ocrx_word' id='word_1_158' title='bbox 1008 1277 1069 1305; x_wconf 87' lang='lat' dir='ltr'>Est</span> <span class='ocrx_word' id='word_1_159' title='bbox 1084 1276 1190 1305; x_wconf 82' lang='lat' dir='ltr'>consi-</span> 
     </span>
     <span class='ocr_line' id='line_1_19' title="bbox 233 1329 1190 1367; baseline -0.001 -8"><span class='ocrx_word' id='word_1_160' title='bbox 233 1331 422 1360; x_wconf 82' lang='lat' dir='ltr'>derandum</span> <span class='ocrx_word' id='word_1_161' title='bbox 446 1331 535 1367; x_wconf 88' lang='lat' dir='ltr'>quod</span> <span class='ocrx_word' id='word_1_162' title='bbox 558 1334 710 1367; x_wconf 83' lang='lat' dir='ltr'>tempore</span> <span class='ocrx_word' id='word_1_163' title='bbox 726 1330 927 1359; x_wconf 81' lang='lat' dir='ltr'>Aristotelis</span> <span class='ocrx_word' id='word_1_164' title='bbox 949 1329 1099 1359; x_wconf 88' lang='lat' dir='ltr'>nondum</span> <span class='ocrx_word' id='word_1_165' title='bbox 1116 1332 1190 1358; x_wconf 87' lang='lat' dir='ltr'>erat</span> 
     </span>
     <span class='ocr_line' id='line_1_20' title="bbox 232 1384 1190 1420; baseline 0.001 -9"><span class='ocrx_word' id='word_1_166' title='bbox 232 1384 464 1420; x_wconf 82' lang='lat' dir='ltr'>deprehensus</span> <span class='ocrx_word' id='word_1_167' title='bbox 486 1385 597 1413; x_wconf 86' lang='lat' dir='ltr'>motus</span> <span class='ocrx_word' id='word_1_168' title='bbox 619 1384 794 1413; x_wconf 86' lang='lat' dir='ltr'>stellarum</span> <span class='ocrx_word' id='word_1_169' title='bbox 822 1384 976 1419; x_wconf 78' lang='lat' dir='ltr'>fixarum,</span> <span class='ocrx_word' id='word_1_170' title='bbox 1003 1391 1086 1419; x_wconf 84' lang='lat' dir='ltr'>quas</span> <span class='ocrx_word' id='word_1_171' title='bbox 1115 1384 1190 1412; x_wconf 86' lang='lat' dir='ltr'>Pto-</span> 
     </span>
     <span class='ocr_line' id='line_1_21' title="bbox 234 1437 1189 1473; baseline -0.001 -7"><span class='ocrx_word' id='word_1_172' title='bbox 234 1439 384 1467; x_wconf 88' lang='lat' dir='ltr'>lomaeus</span> <span class='ocrx_word' id='word_1_173' title='bbox 407 1437 505 1473; x_wconf 89' lang='lat' dir='ltr'>ponit</span> <span class='ocrx_word' id='word_1_174' title='bbox 532 1437 661 1466; x_wconf 82' lang='lat' dir='ltr'>moveri</span> <span class='ocrx_word' id='word_1_175' title='bbox 686 1437 728 1465; x_wconf 86' lang='lat' dir='ltr'>ab</span> <span class='ocrx_word' id='word_1_176' title='bbox 751 1437 928 1466; x_wconf 83' lang='lat' dir='ltr'>occidente</span> <span class='ocrx_word' id='word_1_177' title='bbox 958 1437 992 1465; x_wconf 92' lang='lat' dir='ltr'>in</span> <span class='ocrx_word' id='word_1_178' title='bbox 1022 1437 1189 1466; x_wconf 77' lang='lat' dir='ltr'>orientem</span> 
     </span>
     <span class='ocr_line' id='line_1_22' title="bbox 235 1490 1189 1527; baseline 0 -8"><span class='ocrx_word' id='word_1_179' title='bbox 235 1499 337 1527; x_wconf 76' lang='lat' dir='ltr'>super</span> <span class='ocrx_word' id='word_1_180' title='bbox 373 1491 468 1527; x_wconf 88' lang='lat' dir='ltr'>polos</span> <span class='ocrx_word' id='word_1_181' title='bbox 504 1490 646 1527; x_wconf 83' lang='lat' dir='ltr'>zodiaci,</span> <span class='ocrx_word' id='word_1_182' title='bbox 679 1490 890 1527; x_wconf 80' lang='lat' dir='ltr'>quibuslibet</span> <span class='ocrx_word' id='word_1_183' title='bbox 923 1493 1059 1519; x_wconf 87' lang='lat' dir='ltr'>centum</span> <span class='ocrx_word' id='word_1_184' title='bbox 1089 1491 1189 1519; x_wconf 87' lang='lat' dir='ltr'>annis</span> 
     </span>
     <span class='ocr_line' id='line_1_23' title="bbox 233 1543 1189 1581; baseline 0 -9"><span class='ocrx_word' id='word_1_185' title='bbox 233 1544 341 1580; x_wconf 70' lang='lat' dir='ltr'>gradu</span> <span class='ocrx_word' id='word_1_186' title='bbox 373 1552 452 1581; x_wconf 88' lang='lat' dir='ltr'>uno,</span> <span class='ocrx_word' id='word_1_187' title='bbox 474 1543 523 1573; x_wconf 87' lang='lat' dir='ltr'>ita</span> <span class='ocrx_word' id='word_1_188' title='bbox 544 1544 634 1580; x_wconf 86' lang='lat' dir='ltr'>quod</span> <span class='ocrx_word' id='word_1_189' title='bbox 662 1545 736 1573; x_wconf 89' lang='lat' dir='ltr'>tota</span> <span class='ocrx_word' id='word_1_190' title='bbox 765 1544 935 1573; x_wconf 82' lang='lat' dir='ltr'>revolutio</span> <span class='ocrx_word' id='word_1_191' title='bbox 959 1552 1074 1573; x_wconf 88' lang='lat' dir='ltr'>earum</span> <span class='ocrx_word' id='word_1_192' title='bbox 1105 1552 1189 1573; x_wconf 90' lang='lat' dir='ltr'>com-</span> 
     </span>
     <span class='ocr_line' id='line_1_24' title="bbox 234 1597 1189 1634; baseline 0.001 -8"><span class='ocrx_word' id='word_1_193' title='bbox 234 1598 369 1634; x_wconf 86' lang='lat' dir='ltr'>pleatur</span> <span class='ocrx_word' id='word_1_194' title='bbox 384 1598 420 1627; x_wconf 89' lang='lat' dir='ltr'>in</span> <span class='ocrx_word' id='word_1_195' title='bbox 436 1597 581 1634; x_wconf 86' lang='lat' dir='ltr'>triginta</span> <span class='ocrx_word' id='word_1_196' title='bbox 604 1606 663 1627; x_wconf 79' lang='lat' dir='ltr'>sex</span> <span class='ocrx_word' id='word_1_197' title='bbox 684 1597 824 1627; x_wconf 88' lang='lat' dir='ltr'>milibus</span> <span class='ocrx_word' id='word_1_198' title='bbox 845 1606 1023 1627; x_wconf 87' lang='lat' dir='ltr'>annorum.</span> <span class='ocrx_word' id='word_1_199' title='bbox 1046 1598 1090 1627; x_wconf 89' lang='lat' dir='ltr'>Et</span> <span class='ocrx_word' id='word_1_200' title='bbox 1112 1598 1189 1627; x_wconf 90' lang='lat' dir='ltr'>ideo</span> 
     </span>
     <span class='ocr_line' id='line_1_25' title="bbox 232 1651 1189 1688; baseline 0.001 -8"><span class='ocrx_word' id='word_1_201' title='bbox 232 1651 367 1688; x_wconf 83' lang='lat' dir='ltr'>antiqui</span> <span class='ocrx_word' id='word_1_202' title='bbox 383 1651 558 1688; x_wconf 86' lang='lat' dir='ltr'>ponebant</span> <span class='ocrx_word' id='word_1_203' title='bbox 573 1651 751 1688; x_wconf 83' lang='lat' dir='ltr'>sphaeram</span> <span class='ocrx_word' id='word_1_204' title='bbox 764 1652 940 1680; x_wconf 89' lang='lat' dir='ltr'>stellarum</span> <span class='ocrx_word' id='word_1_205' title='bbox 956 1652 1100 1680; x_wconf 78' lang='lat' dir='ltr'>fixarum</span> <span class='ocrx_word' id='word_1_206' title='bbox 1117 1659 1189 1681; x_wconf 89' lang='lat' dir='ltr'>esse</span> 
     </span>
     <span class='ocr_line' id='line_1_26' title="bbox 233 1704 1189 1742; baseline 0.001 -10"><span class='ocrx_word' id='word_1_207' title='bbox 233 1704 381 1741; x_wconf 85' lang='lat' dir='ltr'>primum</span> <span class='ocrx_word' id='word_1_208' title='bbox 398 1704 535 1741; x_wconf 82' lang='lat' dir='ltr'>mobile,</span> <span class='ocrx_word' id='word_1_209' title='bbox 550 1706 584 1733; x_wconf 87' lang='lat' dir='ltr'>et</span> <span class='ocrx_word' id='word_1_210' title='bbox 600 1704 674 1733; x_wconf 86' lang='lat' dir='ltr'>eius</span> <span class='ocrx_word' id='word_1_211' title='bbox 690 1712 762 1733; x_wconf 91' lang='lat' dir='ltr'>esse</span> <span class='ocrx_word' id='word_1_212' title='bbox 778 1706 912 1733; x_wconf 87' lang='lat' dir='ltr'>tantum</span> <span class='ocrx_word' id='word_1_213' title='bbox 928 1713 1033 1733; x_wconf 89' lang='lat' dir='ltr'>unum</span> <span class='ocrx_word' id='word_1_214' title='bbox 1050 1706 1189 1742; x_wconf 85' lang='lat' dir='ltr'>motum,</span> 
     </span>
     <span class='ocr_line' id='line_1_27' title="bbox 234 1757 1189 1795; baseline 0 -8"><span class='ocrx_word' id='word_1_215' title='bbox 234 1758 292 1795; x_wconf 89' lang='lat' dir='ltr'>qui</span> <span class='ocrx_word' id='word_1_216' title='bbox 309 1760 361 1788; x_wconf 83' lang='lat' dir='ltr'>est</span> <span class='ocrx_word' id='word_1_217' title='bbox 376 1760 488 1787; x_wconf 85' lang='lat' dir='ltr'>motus</span> <span class='ocrx_word' id='word_1_218' title='bbox 512 1757 667 1788; x_wconf 87' lang='lat' dir='ltr'>diurnus.</span> <span class='ocrx_word' id='word_1_219' title='bbox 683 1758 760 1795; x_wconf 86' lang='lat' dir='ltr'>Sed,</span> <span class='ocrx_word' id='word_1_220' title='bbox 775 1758 954 1795; x_wconf 87' lang='lat' dir='ltr'>supposito</span> <span class='ocrx_word' id='word_1_221' title='bbox 970 1760 1063 1788; x_wconf 86' lang='lat' dir='ltr'>motu</span> <span class='ocrx_word' id='word_1_222' title='bbox 1079 1759 1189 1788; x_wconf 88' lang='lat' dir='ltr'>stella-</span> 
     </span>
     <span class='ocr_line' id='line_1_28' title="bbox 230 1812 1188 1849; baseline 0.001 -8"><span class='ocrx_word' id='word_1_223' title='bbox 230 1821 305 1841; x_wconf 89' lang='lat' dir='ltr'>rum</span> <span class='ocrx_word' id='word_1_224' title='bbox 318 1812 472 1849; x_wconf 75' lang='lat' dir='ltr'>fixarum,</span> <span class='ocrx_word' id='word_1_225' title='bbox 485 1814 620 1848; x_wconf 88' lang='lat' dir='ltr'>oportet</span> <span class='ocrx_word' id='word_1_226' title='bbox 632 1812 725 1849; x_wconf 89' lang='lat' dir='ltr'>ipsas</span> <span class='ocrx_word' id='word_1_227' title='bbox 739 1812 867 1842; x_wconf 87' lang='lat' dir='ltr'>moveri</span> <span class='ocrx_word' id='word_1_228' title='bbox 879 1812 1012 1841; x_wconf 92' lang='lat' dir='ltr'>duobus</span> <span class='ocrx_word' id='word_1_229' title='bbox 1025 1812 1188 1849; x_wconf 85' lang='lat' dir='ltr'>motibus;</span> 
     </span>
     <span class='ocr_line' id='line_1_29' title="bbox 233 1865 1189 1903; baseline 0.001 -9"><span class='ocrx_word' id='word_1_230' title='bbox 233 1865 367 1895; x_wconf 79' lang='lat' dir='ltr'>seilicet</span> <span class='ocrx_word' id='word_1_231' title='bbox 382 1867 475 1895; x_wconf 89' lang='lat' dir='ltr'>motu</span> <span class='ocrx_word' id='word_1_232' title='bbox 491 1866 642 1903; x_wconf 85' lang='lat' dir='ltr'>proprio,</span> <span class='ocrx_word' id='word_1_233' title='bbox 655 1866 712 1902; x_wconf 88' lang='lat' dir='ltr'>qui</span> <span class='ocrx_word' id='word_1_234' title='bbox 730 1868 781 1895; x_wconf 82' lang='lat' dir='ltr'>est</span> <span class='ocrx_word' id='word_1_235' title='bbox 796 1868 908 1896; x_wconf 85' lang='lat' dir='ltr'>motus</span> <span class='ocrx_word' id='word_1_236' title='bbox 922 1867 1098 1896; x_wconf 81' lang='lat' dir='ltr'>stellarum</span> <span class='ocrx_word' id='word_1_237' title='bbox 1111 1866 1189 1895; x_wconf 80' lang='lat' dir='ltr'>fixa-</span> 
     </span>
     <span class='ocr_line' id='line_1_30' title="bbox 233 1919 1188 1957; baseline 0.001 -9"><span class='ocrx_word' id='word_1_238' title='bbox 233 1928 317 1956; x_wconf 87' lang='lat' dir='ltr'>rum,</span> <span class='ocrx_word' id='word_1_239' title='bbox 350 1921 384 1948; x_wconf 87' lang='lat' dir='ltr'>et</span> <span class='ocrx_word' id='word_1_240' title='bbox 420 1923 514 1949; x_wconf 81' lang='lat' dir='ltr'>motu</span> <span class='ocrx_word' id='word_1_241' title='bbox 543 1919 666 1956; x_wconf 79' lang='lat' dir='ltr'>alieno,</span> <span class='ocrx_word' id='word_1_242' title='bbox 695 1920 754 1956; x_wconf 85' lang='lat' dir='ltr'>qui</span> <span class='ocrx_word' id='word_1_243' title='bbox 785 1922 836 1949; x_wconf 89' lang='lat' dir='ltr'>est</span> <span class='ocrx_word' id='word_1_244' title='bbox 865 1922 976 1949; x_wconf 89' lang='lat' dir='ltr'>motus</span> <span class='ocrx_word' id='word_1_245' title='bbox 1009 1928 1188 1957; x_wconf 82' lang='lat' dir='ltr'>supremae</span> 
     </span>
     <span class='ocr_line' id='line_1_31' title="bbox 232 1972 1187 2014; baseline 0 -11"><span class='ocrx_word' id='word_1_246' title='bbox 232 1974 395 2011; x_wconf 82' lang='lat' dir='ltr'>sphaerae</span> <span class='ocrx_word' id='word_1_247' title='bbox 413 1972 517 2013; x_wconf 79' lang='lat' dir='ltr'>[eioe,</span> <span class='ocrx_word' id='word_1_248' title='bbox 537 1974 647 2010; x_wconf 87' lang='lat' dir='ltr'>primo</span> <span class='ocrx_word' id='word_1_249' title='bbox 663 1974 799 2010; x_wconf 80' lang='lat' dir='ltr'>mobile,</span> <span class='ocrx_word' id='word_1_250' title='bbox 814 1974 875 2003; x_wconf 85' lang='lat' dir='ltr'>cfr.</span> <span class='ocrx_word' id='word_1_251' title='bbox 891 1975 972 2013; x_wconf 75' lang='lat' dir='ltr'>ibid,</span> <span class='ocrx_word' id='word_1_252' title='bbox 991 1975 1017 2012; x_wconf 97' lang='grc' dir='ltr'>Ι,</span> <span class='ocrx_word' id='word_1_253' title='bbox 1034 1981 1110 2012; x_wconf 74' lang='lat' dir='ltr'>XXI,</span> <span class='ocrx_word' id='word_1_254' title='bbox 1126 1974 1187 2014; x_wconf 75' lang='lat'>14]</span> 
     </span>
     <span class='ocr_line' id='line_1_32' title="bbox 231 2027 1186 2066; baseline 0.001 -10"><span class='ocrx_word' id='word_1_255' title='bbox 231 2035 318 2063; x_wconf 90' lang='lat' dir='ltr'>quae</span> <span class='ocrx_word' id='word_1_256' title='bbox 347 2029 399 2057; x_wconf 88' lang='lat' dir='ltr'>est</span> <span class='ocrx_word' id='word_1_257' title='bbox 427 2027 502 2057; x_wconf 86' lang='grc'>31110</span> <span class='ocrx_word' id='word_1_258' title='bbox 524 2027 634 2056; x_wconf 85' lang='lat' dir='ltr'>stellis</span> <span class='ocrx_word' id='word_1_259' title='bbox 657 2037 685 2064; x_wconf 81' lang='lat'>»,</span> <span class='ocrx_word' id='word_1_260' title='bbox 707 2028 739 2057; x_wconf 82' lang='lat' dir='ltr'>S.</span> <span class='ocrx_word' id='word_1_261' title='bbox 771 2028 867 2065; x_wconf 62' lang='lat' dir='ltr'>TOM„</span> <span class='ocrx_word' id='word_1_262' title='bbox 898 2028 947 2057; x_wconf 76' lang='lat' dir='ltr'>De</span> <span class='ocrx_word' id='word_1_263' title='bbox 968 2028 1052 2057; x_wconf 77' lang='lat' dir='ltr'>coelo</span> <span class='ocrx_word' id='word_1_264' title='bbox 1075 2031 1112 2057; x_wconf 71' lang='lat' dir='ltr'>et.</span> <span class='ocrx_word' id='word_1_265' title='bbox 1136 2037 1186 2066; x_wconf 82' lang='lat' dir='ltr'>m.‚</span> 
     </span>
     <span class='ocr_line' id='line_1_33' title="bbox 232 2081 1189 2119; baseline 0.001 -10"><span class='ocrx_word' id='word_1_266' title='bbox 232 2081 276 2116; x_wconf 83' lang='grc' dir='ltr'>ΙΙ,</span> <span class='ocrx_word' id='word_1_267' title='bbox 300 2087 392 2117; x_wconf 77' lang='lat' dir='ltr'>xvn,</span> <span class='ocrx_word' id='word_1_268' title='bbox 415 2082 448 2117; x_wconf 69' lang='grc' dir='ltr'>’ῖς</span> <span class='ocrx_word' id='word_1_269' title='bbox 471 2081 532 2110; x_wconf 81' lang='lat' dir='ltr'>cfr.</span> <span class='ocrx_word' id='word_1_270' title='bbox 554 2081 645 2119; x_wconf 66' lang='lat' dir='ltr'>ibid„</span> <span class='ocrx_word' id='word_1_271' title='bbox 669 2088 720 2118; x_wconf 80' lang='lat' dir='ltr'>Ix,</span> <span class='ocrx_word' id='word_1_272' title='bbox 741 2083 768 2110; x_wconf 89' lang='lat'>1.</span> <span class='ocrx_word' id='word_1_273' title='bbox 791 2082 820 2110; x_wconf 91' lang='lat' dir='ltr'>Il</span> <span class='ocrx_word' id='word_1_274' title='bbox 836 2081 947 2118; x_wconf 86' lang='lat' dir='ltr'>primo</span> <span class='ocrx_word' id='word_1_275' title='bbox 970 2081 1096 2110; x_wconf 87' lang='lat' dir='ltr'>mobile</span> <span class='ocrx_word' id='word_1_276' title='bbox 1112 2081 1129 2110; x_wconf 78' lang='grc'>0</span> <span class='ocrx_word' id='word_1_277' title='bbox 1145 2081 1189 2110; x_wconf 86' lang='lat' dir='ltr'>da</span> 
     </span>
     <span class='ocr_line' id='line_1_34' title="bbox 231 2135 1188 2171; baseline 0 -7"><span class='ocrx_word' id='word_1_278' title='bbox 231 2135 346 2164; x_wconf 83' lang='lat' dir='ltr'>alcuni</span> <span class='ocrx_word' id='word_1_279' title='bbox 371 2135 540 2164; x_wconf 82' lang='lat' dir='ltr'>ehiamato</span> <span class='ocrx_word' id='word_1_280' title='bbox 563 2135 650 2164; x_wconf 85' lang='lat' dir='ltr'>eielo</span> <span class='ocrx_word' id='word_1_281' title='bbox 669 2135 871 2171; x_wconf 86' lang='lat' dir='ltr'>cristallino,</span> <span class='ocrx_word' id='word_1_282' title='bbox 886 2136 929 2164; x_wconf 81' lang='lat' dir='ltr'>ad</span> <span class='ocrx_word' id='word_1_283' title='bbox 945 2144 989 2165; x_wconf 91' lang='lat' dir='ltr'>es.</span> <span class='ocrx_word' id='word_1_284' title='bbox 1006 2136 1048 2164; x_wconf 87' lang='lat' dir='ltr'>da</span> <span class='ocrx_word' id='word_1_285' title='bbox 1068 2136 1105 2165; x_wconf 82' lang='lat' dir='ltr'>E.</span> <span class='ocrx_word' id='word_1_286' title='bbox 1128 2136 1188 2166; x_wconf 89' lang='lat' dir='ltr'>Co·</span> 
     </span>
     <span class='ocr_line' id='line_1_35' title="bbox 232 2189 1189 2227; baseline 0.001 -10"><span class='ocrx_word' id='word_1_287' title='bbox 232 2195 364 2225; x_wconf 73' lang='lat' dir='ltr'>LONNA.</span> <span class='ocrx_word' id='word_1_288' title='bbox 387 2189 516 2227; x_wconf 63' lang='lat' dir='ltr'>Eamne„</span> <span class='ocrx_word' id='word_1_289' title='bbox 542 2189 568 2225; x_wconf 91' lang='grc' dir='ltr'>Ι,</span> <span class='ocrx_word' id='word_1_290' title='bbox 590 2190 638 2225; x_wconf 87' lang='grc'>16,</span> <span class='ocrx_word' id='word_1_291' title='bbox 661 2197 678 2218; x_wconf 90' lang='grc'>0</span> <span class='ocrx_word' id='word_1_292' title='bbox 700 2189 743 2218; x_wconf 86' lang='lat' dir='ltr'>da</span> <span class='ocrx_word' id='word_1_293' title='bbox 766 2190 877 2218; x_wconf 84' lang='lat' dir='ltr'>Dante</span> <span class='ocrx_word' id='word_1_294' title='bbox 901 2191 1007 2219; x_wconf 74' lang='lat' dir='ltr'>stesso</span> <span class='ocrx_word' id='word_1_295' title='bbox 1023 2190 1079 2218; x_wconf 89' lang='grc'>1101</span> <span class='ocrx_word' id='word_1_296' title='bbox 1097 2189 1189 2219; x_wconf 58' lang='lat' dir='ltr'>Cone.</span> 
     </span>
    </p>
   </div>
   <div class='ocr_carea' id='block_1_7' title="bbox 231 2295 1188 2492">
    <p class='ocr_par' dir='ltr' id='par_1_8' title="bbox 231 2295 1188 2492">
     <span class='ocr_line' id='line_1_36' title="bbox 313 2295 1188 2332; baseline 0.002 -9"><span class='ocrx_word' id='word_1_297' title='bbox 313 2295 447 2324; x_wconf 74' lang='lat' dir='ltr'>uniforme</span> <span class='ocrx_word' id='word_1_298' title='bbox 471 2303 518 2332; x_wconf 78' lang='lat' dir='ltr'>per</span> <span class='ocrx_word' id='word_1_299' title='bbox 540 2298 642 2324; x_wconf 81' lang='lat' dir='ltr'>totum:</span> <span class='ocrx_word' id='word_1_300' title='bbox 659 2306 675 2323; x_wconf 84' lang='lat'>«</span> <span class='ocrx_word' id='word_1_301' title='bbox 691 2298 792 2325; x_wconf 67' lang='lat' dir='ltr'>motas</span> <span class='ocrx_word' id='word_1_302' title='bbox 808 2295 911 2332; x_wconf 87' lang='lat' dir='ltr'>primi</span> <span class='ocrx_word' id='word_1_303' title='bbox 934 2296 1020 2325; x_wconf 86' lang='lat' dir='ltr'>coeli</span> <span class='ocrx_word' id='word_1_304' title='bbox 1041 2298 1093 2325; x_wconf 85' lang='lat' dir='ltr'>est</span> <span class='ocrx_word' id='word_1_305' title='bbox 1114 2296 1188 2325; x_wconf 88' lang='grc'>31111-</span> 
     </span>
     <span class='ocr_line' id='line_1_37' title="bbox 231 2349 1188 2387; baseline 0 -10"><span class='ocrx_word' id='word_1_306' title='bbox 231 2349 322 2385; x_wconf 82' lang='lat' dir='ltr'>plex,</span> <span class='ocrx_word' id='word_1_307' title='bbox 344 2351 378 2378; x_wconf 88' lang='lat' dir='ltr'>et</span> <span class='ocrx_word' id='word_1_308' title='bbox 393 2357 434 2378; x_wconf 80' lang='lat' dir='ltr'>ex</span> <span class='ocrx_word' id='word_1_309' title='bbox 450 2349 512 2378; x_wconf 89' lang='grc'>1100</span> <span class='ocrx_word' id='word_1_310' title='bbox 534 2349 629 2378; x_wconf 88' lang='lat' dir='ltr'>nulla</span> <span class='ocrx_word' id='word_1_311' title='bbox 644 2351 790 2385; x_wconf 89' lang='lat' dir='ltr'>apparet</span> <span class='ocrx_word' id='word_1_312' title='bbox 811 2349 846 2378; x_wconf 90' lang='lat' dir='ltr'>in</span> <span class='ocrx_word' id='word_1_313' title='bbox 862 2357 901 2378; x_wconf 95' lang='lat' dir='ltr'>eo</span> <span class='ocrx_word' id='word_1_314' title='bbox 917 2349 1146 2386; x_wconf 86' lang='lat' dir='ltr'>inaequalitas</span> <span class='ocrx_word' id='word_1_315' title='bbox 1161 2359 1188 2387; x_wconf 72' lang='lat'>»,</span> 
     </span>
     <span class='ocr_line' id='line_1_38' title="bbox 232 2402 1188 2441; baseline 0.002 -10"><span class='ocrx_word' id='word_1_316' title='bbox 232 2402 264 2431; x_wconf 84' lang='lat' dir='ltr'>S.</span> <span class='ocrx_word' id='word_1_317' title='bbox 287 2403 385 2440; x_wconf 65' lang='lat' dir='ltr'>Tom„</span> <span class='ocrx_word' id='word_1_318' title='bbox 407 2404 457 2432; x_wconf 80' lang='lat' dir='ltr'>De</span> <span class='ocrx_word' id='word_1_319' title='bbox 479 2404 562 2432; x_wconf 80' lang='lat' dir='ltr'>coelo</span> <span class='ocrx_word' id='word_1_320' title='bbox 578 2406 605 2432; x_wconf 79' lang='lat' dir='ltr'>et</span> <span class='ocrx_word' id='word_1_321' title='bbox 623 2412 672 2440; x_wconf 55' lang='grc' dir='ltr'>πμ,</span> <span class='ocrx_word' id='word_1_322' title='bbox 695 2404 739 2440; x_wconf 85' lang='grc' dir='ltr'>ΙΙ,</span> <span class='ocrx_word' id='word_1_323' title='bbox 756 2410 836 2440; x_wconf 81' lang='lat' dir='ltr'>vm,</span> <span class='ocrx_word' id='word_1_324' title='bbox 853 2405 887 2440; x_wconf 76' lang='lat'>23</span> <span class='ocrx_word' id='word_1_325' title='bbox 903 2404 964 2432; x_wconf 80' lang='lat' dir='ltr'>efr.</span> <span class='ocrx_word' id='word_1_326' title='bbox 979 2405 1022 2433; x_wconf 88' lang='lat' dir='ltr'>A.</span> <span class='ocrx_word' id='word_1_327' title='bbox 1044 2404 1188 2441; x_wconf 78' lang='lat' dir='ltr'>MAGNO,</span> 
     </span>
     <span class='ocr_line' id='line_1_39' title="bbox 231 2457 550 2492; baseline 0.006 -8"><span class='ocrx_word' id='word_1_328' title='bbox 231 2460 313 2485; x_wconf 85' lang='lat' dir='ltr'>nota</span> <span class='ocrx_word' id='word_1_329' title='bbox 335 2457 550 2492; x_wconf 82' lang='lat' dir='ltr'>precedente.</span> 
     </span>
    </p>
   </div>
   <div class='ocr_carea' id='block_1_8' title="bbox 232 2564 1189 2817">
    <p class='ocr_par' dir='ltr' id='par_1_9' title="bbox 232 2564 1189 2817">
     <span class='ocr_line' id='line_1_40' title="bbox 312 2564 1188 2601; baseline 0.002 -9"><span class='ocrx_word' id='word_1_330' title='bbox 312 2567 339 2593; x_wconf 77' lang='lat' dir='ltr'>et</span> <span class='ocrx_word' id='word_1_331' title='bbox 363 2573 386 2601; x_wconf 82' lang='lat' dir='ltr'>p.</span> <span class='ocrx_word' id='word_1_332' title='bbox 410 2572 435 2593; x_wconf 79' lang='lat' dir='ltr'>c.</span> <span class='ocrx_word' id='word_1_333' title='bbox 459 2564 522 2593; x_wconf 69' lang='lat' dir='ltr'>unii.</span> <span class='ocrx_word' id='word_1_334' title='bbox 547 2573 595 2601; x_wconf 80' lang='lat' dir='ltr'>per</span> <span class='ocrx_word' id='word_1_335' title='bbox 616 2568 700 2594; x_wconf 73' lang='lat' dir='ltr'>toturn</span> <span class='ocrx_word' id='word_1_336' title='bbox 724 2565 878 2595; x_wconf 76' lang='lat' dir='ltr'>virtuatum.</span> <span class='ocrx_word' id='word_1_337' title='bbox 896 2573 946 2594; x_wconf 90' lang='lat' dir='ltr'>non</span> <span class='ocrx_word' id='word_1_338' title='bbox 963 2568 1006 2594; x_wconf 84' lang='lat' dir='ltr'>est</span> <span class='ocrx_word' id='word_1_339' title='bbox 1021 2565 1101 2597; x_wconf 80' lang='lat' dir='ltr'>ratio,</span> <span class='ocrx_word' id='word_1_340' title='bbox 1118 2567 1188 2594; x_wconf 86' lang='lat' dir='ltr'>ete:</span> 
     </span>
     <span class='ocr_line' id='line_1_41' title="bbox 233 2617 1188 2655; baseline 0.002 -10"><span class='ocrx_word' id='word_1_341' title='bbox 233 2626 249 2644; x_wconf 86' lang='lat'>«</span> <span class='ocrx_word' id='word_1_342' title='bbox 266 2617 397 2653; x_wconf 87' lang='lat' dir='ltr'>primus</span> <span class='ocrx_word' id='word_1_343' title='bbox 414 2620 524 2647; x_wconf 84' lang='lat' dir='ltr'>motus</span> <span class='ocrx_word' id='word_1_344' title='bbox 540 2618 729 2655; x_wconf 84' lang='lat' dir='ltr'>circularis,</span> <span class='ocrx_word' id='word_1_345' title='bbox 741 2618 799 2654; x_wconf 81' lang='lat' dir='ltr'>qui</span> <span class='ocrx_word' id='word_1_346' title='bbox 817 2621 867 2647; x_wconf 85' lang='lat' dir='ltr'>est</span> <span class='ocrx_word' id='word_1_347' title='bbox 883 2626 1061 2655; x_wconf 82' lang='lat' dir='ltr'>supremae</span> <span class='ocrx_word' id='word_1_348' title='bbox 1074 2619 1188 2655; x_wconf 85' lang='lat' dir='ltr'>sphae-</span> 
     </span>
     <span class='ocr_line' id='line_1_42' title="bbox 232 2671 1188 2708; baseline 0.002 -9"><span class='ocrx_word' id='word_1_349' title='bbox 232 2679 328 2700; x_wconf 70' lang='lat' dir='ltr'>rae...</span> <span class='ocrx_word' id='word_1_350' title='bbox 352 2671 546 2708; x_wconf 87' lang='lat' dir='ltr'>uniformis,</span> <span class='ocrx_word' id='word_1_351' title='bbox 569 2680 635 2701; x_wconf 91' lang='lat' dir='ltr'>non</span> <span class='ocrx_word' id='word_1_352' title='bbox 658 2675 770 2701; x_wconf 63' lang='lat' dir='ltr'>causat</span> <span class='ocrx_word' id='word_1_353' title='bbox 793 2672 963 2701; x_wconf 83' lang='lat' dir='ltr'>diversam</span> <span class='ocrx_word' id='word_1_354' title='bbox 994 2672 1188 2708; x_wconf 87' lang='lat' dir='ltr'>dispositio-</span> 
     </span>
     <span class='ocr_line' id='line_1_43' title="bbox 233 2725 1189 2762; baseline 0.001 -9"><span class='ocrx_word' id='word_1_355' title='bbox 233 2733 309 2754; x_wconf 83' lang='lat' dir='ltr'>nem</span> <span class='ocrx_word' id='word_1_356' title='bbox 338 2725 374 2753; x_wconf 90' lang='lat' dir='ltr'>in</span> <span class='ocrx_word' id='word_1_357' title='bbox 403 2725 605 2761; x_wconf 84' lang='lat' dir='ltr'>corporibus</span> <span class='ocrx_word' id='word_1_358' title='bbox 638 2725 861 2754; x_wconf 81' lang='lat' dir='ltr'>inferioribus</span> <span class='ocrx_word' id='word_1_359' title='bbox 892 2735 920 2762; x_wconf 85' lang='lat'>›&gt;,</span> <span class='ocrx_word' id='word_1_360' title='bbox 951 2725 983 2754; x_wconf 83' lang='lat' dir='ltr'>S.</span> <span class='ocrx_word' id='word_1_361' title='bbox 1013 2726 1109 2761; x_wconf 49' lang='lat' dir='ltr'>Tou,</span> <span class='ocrx_word' id='word_1_362' title='bbox 1140 2726 1189 2754; x_wconf 78' lang='lat' dir='ltr'>De</span> 
     </span>
     <span class='ocr_line' id='line_1_44' title="bbox 232 2779 653 2817; baseline 0.002 -10"><span class='ocrx_word' id='word_1_363' title='bbox 232 2779 317 2807; x_wconf 80' lang='lat' dir='ltr'>coelo</span> <span class='ocrx_word' id='word_1_364' title='bbox 339 2781 367 2807; x_wconf 74' lang='lat' dir='ltr'>et</span> <span class='ocrx_word' id='word_1_365' title='bbox 392 2788 441 2817; x_wconf 66' lang='lat' dir='ltr'>m„</span> <span class='ocrx_word' id='word_1_366' title='bbox 467 2779 510 2812; x_wconf 78' lang='grc' dir='ltr'>ΙΙ,</span> <span class='ocrx_word' id='word_1_367' title='bbox 534 2786 583 2816; x_wconf 77' lang='lat' dir='ltr'>iv,</span> <span class='ocrx_word' id='word_1_368' title='bbox 606 2780 653 2808; x_wconf 81' lang='grc'>12.</span> 
     </span>
    </p>
   </div>
   <div class='ocr_carea' id='block_1_9' title="bbox 232 2886 1189 3129">
    <p class='ocr_par' dir='ltr' id='par_1_10' title="bbox 232 2886 1189 3129">
     <span class='ocr_line' id='line_1_45' title="bbox 313 2886 1188 2923; baseline 0.001 -9"><span class='ocrx_word' id='word_1_369' title='bbox 313 2886 377 2915; x_wconf 89' lang='lat' dir='ltr'>Cum</span> <span class='ocrx_word' id='word_1_370' title='bbox 395 2886 411 2914; x_wconf 84' lang='lat' dir='ltr'>i.</span> <span class='ocrx_word' id='word_1_371' title='bbox 430 2894 480 2915; x_wconf 89' lang='lat' dir='ltr'>non</span> <span class='ocrx_word' id='word_1_372' title='bbox 497 2886 549 2915; x_wconf 72' lang='lat' dir='ltr'>sini</span> <span class='ocrx_word' id='word_1_373' title='bbox 566 2895 590 2923; x_wconf 79' lang='grc' dir='ltr'>ρ.</span> <span class='ocrx_word' id='word_1_374' title='bbox 613 2894 637 2915; x_wconf 85' lang='lat' dir='ltr'>c.</span> <span class='ocrx_word' id='word_1_375' title='bbox 653 2895 696 2916; x_wconf 87' lang='lat' dir='ltr'>m..</span> <span class='ocrx_word' id='word_1_376' title='bbox 715 2889 807 2923; x_wconf 78' lang='lat' dir='ltr'>preter</span> <span class='ocrx_word' id='word_1_377' title='bbox 823 2887 929 2916; x_wconf 82' lang='lat' dir='ltr'>coelum</span> <span class='ocrx_word' id='word_1_378' title='bbox 946 2886 1094 2923; x_wconf 79' lang='lat' dir='ltr'>stellatum,</span> <span class='ocrx_word' id='word_1_379' title='bbox 1110 2888 1188 2915; x_wconf 84' lang='lat' dir='ltr'>etc.:</span> 
     </span>
     <span class='ocr_line' id='line_1_46' title="bbox 233 2939 1188 2978; baseline 0.001 -11"><span class='ocrx_word' id='word_1_380' title='bbox 233 2939 379 2968; x_wconf 87' lang='lat' dir='ltr'>secondo</span> <span class='ocrx_word' id='word_1_381' title='bbox 409 2939 601 2975; x_wconf 85' lang='lat' dir='ltr'>l’opinione</span> <span class='ocrx_word' id='word_1_382' title='bbox 631 2939 686 2968; x_wconf 90' lang='lat' dir='ltr'>dei</span> <span class='ocrx_word' id='word_1_383' title='bbox 718 2948 789 2968; x_wconf 73' lang='lat' dir='ltr'>vere</span> <span class='ocrx_word' id='word_1_384' title='bbox 816 2940 1093 2978; x_wconf 71' lang='lat' dir='ltr'>philosophantes,</span> <span class='ocrx_word' id='word_1_385' title='bbox 1128 2940 1188 2969; x_wconf 88' lang='grc'>0110</span> 
     </span>
     <span class='ocr_line' id='line_1_47' title="bbox 233 2991 1189 3029; baseline 0.001 -8"><span class='ocrx_word' id='word_1_386' title='bbox 233 2991 392 3021; x_wconf 78' lang='lat' dir='ltr'>abbiamo</span> <span class='ocrx_word' id='word_1_387' title='bbox 415 2994 550 3028; x_wconf 86' lang='lat' dir='ltr'>esposto</span> <span class='ocrx_word' id='word_1_388' title='bbox 572 2993 641 3021; x_wconf 85' lang='lat' dir='ltr'>alla</span> <span class='ocrx_word' id='word_1_389' title='bbox 663 2992 791 3029; x_wconf 81' lang='lat' dir='ltr'>pagina</span> <span class='ocrx_word' id='word_1_390' title='bbox 813 2992 1027 3029; x_wconf 85' lang='lat' dir='ltr'>precedente,</span> <span class='ocrx_word' id='word_1_391' title='bbox 1047 2994 1127 3022; x_wconf 84' lang='lat' dir='ltr'>nota</span> <span class='ocrx_word' id='word_1_392' title='bbox 1142 2994 1189 3022; x_wconf 91' lang='lat' dir='ltr'>ul-</span> 
     </span>
     <span class='ocr_line' id='line_1_48' title="bbox 232 3045 1189 3083; baseline 0.001 -9"><span class='ocrx_word' id='word_1_393' title='bbox 232 3046 327 3074; x_wconf 82' lang='lat' dir='ltr'>tima.</span> <span class='ocrx_word' id='word_1_394' title='bbox 350 3045 404 3075; x_wconf 89' lang='lat' dir='ltr'>Un</span> <span class='ocrx_word' id='word_1_395' title='bbox 427 3045 514 3075; x_wconf 87' lang='lat' dir='ltr'>cielo</span> <span class='ocrx_word' id='word_1_396' title='bbox 537 3048 673 3075; x_wconf 87' lang='lat' dir='ltr'>restava</span> <span class='ocrx_word' id='word_1_397' title='bbox 696 3055 831 3083; x_wconf 82' lang='lat' dir='ltr'>ancora,</span> <span class='ocrx_word' id='word_1_398' title='bbox 847 3047 868 3074; x_wconf 89' lang='lat'>1⁷</span> <span class='ocrx_word' id='word_1_399' title='bbox 878 3046 1038 3083; x_wconf 85' lang='lat' dir='ltr'>empireo,</span> <span class='ocrx_word' id='word_1_400' title='bbox 1055 3055 1109 3075; x_wconf 86' lang='lat' dir='ltr'>ma</span> <span class='ocrx_word' id='word_1_401' title='bbox 1132 3047 1189 3075; x_wconf 92' lang='lat' dir='ltr'>im-</span> 
     </span>
     <span class='ocr_line' id='line_1_49' title="bbox 234 3098 941 3129; baseline 0.001 -2"><span class='ocrx_word' id='word_1_402' title='bbox 234 3098 359 3128; x_wconf 86' lang='lat' dir='ltr'>mobile</span> <span class='ocrx_word' id='word_1_403' title='bbox 382 3099 460 3128; x_wconf 86' lang='lat' dir='ltr'>sede</span> <span class='ocrx_word' id='word_1_404' title='bbox 483 3099 573 3128; x_wconf 89' lang='lat' dir='ltr'>della</span> <span class='ocrx_word' id='word_1_405' title='bbox 596 3099 719 3129; x_wconf 87' lang='lat' dir='ltr'>Chiesa</span> <span class='ocrx_word' id='word_1_406' title='bbox 741 3099 941 3129; x_wconf 63' lang='grc' dir='ltr'>ἐι-1011101110.</span> 
     </span>
    </p>
   </div>
   <div class='ocr_carea' id='block_1_10' title="bbox 233 3206 1188 3350">
    <p class='ocr_par' dir='ltr' id='par_1_11' title="bbox 233 3206 1188 3350">
     <span class='ocr_line' id='line_1_50' title="bbox 314 3206 1187 3243; baseline 0.001 -9"><span class='ocrx_word' id='word_1_407' title='bbox 314 3213 429 3234; x_wconf 71' lang='lat' dir='ltr'>necesse</span> <span class='ocrx_word' id='word_1_408' title='bbox 451 3208 494 3234; x_wconf 75' lang='lat' dir='ltr'>est</span> <span class='ocrx_word' id='word_1_409' title='bbox 517 3206 586 3235; x_wconf 81' lang='lat' dir='ltr'>hunc</span> <span class='ocrx_word' id='word_1_410' title='bbox 608 3206 733 3235; x_wconf 73' lang='lat' dir='ltr'>eflectum</span> <span class='ocrx_word' id='word_1_411' title='bbox 757 3206 781 3235; x_wconf 84' lang='lat' dir='ltr'>in</span> <span class='ocrx_word' id='word_1_412' title='bbox 798 3206 883 3243; x_wconf 75' lang='lat' dir='ltr'>ipsum</span> <span class='ocrx_word' id='word_1_413' title='bbox 900 3206 1008 3235; x_wconf 80' lang='lat' dir='ltr'>reduci:</span> <span class='ocrx_word' id='word_1_414' title='bbox 1027 3206 1187 3236; x_wconf 70' lang='lat' dir='ltr'>l’Autore</span> 
     </span>
     <span class='ocr_line' id='line_1_51' title="bbox 233 3258 1188 3296; baseline 0.002 -9"><span class='ocrx_word' id='word_1_415' title='bbox 233 3258 381 3288; x_wconf 84' lang='lat' dir='ltr'>avrebbe</span> <span class='ocrx_word' id='word_1_416' title='bbox 412 3260 532 3295; x_wconf 88' lang='lat' dir='ltr'>potuto</span> <span class='ocrx_word' id='word_1_417' title='bbox 556 3259 712 3288; x_wconf 87' lang='lat' dir='ltr'>fermarsi</span> <span class='ocrx_word' id='word_1_418' title='bbox 735 3259 805 3296; x_wconf 88' lang='lat' dir='ltr'>qui,</span> <span class='ocrx_word' id='word_1_419' title='bbox 827 3260 949 3295; x_wconf 79' lang='lat' dir='ltr'>perche</span> <span class='ocrx_word' id='word_1_420' title='bbox 979 3259 1003 3288; x_wconf 94' lang='lat' dir='ltr'>il</span> <span class='ocrx_word' id='word_1_421' title='bbox 1031 3268 1188 3296; x_wconf 82' lang='lat' dir='ltr'>processo</span> 
     </span>
     <span class='ocr_line' id='line_1_52' title="bbox 233 3312 1187 3350; baseline 0.001 -9"><span class='ocrx_word' id='word_1_422' title='bbox 233 3312 465 3342; x_wconf 77' lang='lat' dir='ltr'>d’esclusione</span> <span class='ocrx_word' id='word_1_423' title='bbox 499 3314 632 3349; x_wconf 79' lang='lat' dir='ltr'>segnito</span> <span class='ocrx_word' id='word_1_424' title='bbox 665 3313 807 3342; x_wconf 84' lang='lat' dir='ltr'>l’aveva</span> <span class='ocrx_word' id='word_1_425' title='bbox 840 3312 930 3342; x_wconf 90' lang='lat' dir='ltr'>omai</span> <span class='ocrx_word' id='word_1_426' title='bbox 961 3313 1187 3350; x_wconf 80' lang='lat' dir='ltr'>logicamente</span> 
     </span>
    </p>
   </div>
   <div class='ocr_carea' id='block_1_11' title="bbox 294 3378 955 3408">
    <p class='ocr_par' dir='ltr' id='par_1_12' title="bbox 294 3378 955 3408">
     <span class='ocr_line' id='line_1_53' title="bbox 294 3378 955 3408; baseline 0.002 -8"><span class='ocrx_word' id='word_1_427' title='bbox 294 3378 326 3401; x_wconf 85' lang='lat' dir='ltr'>V.</span> <span class='ocrx_word' id='word_1_428' title='bbox 346 3378 444 3402; x_wconf 61' lang='lat' dir='ltr'>Brun.</span> <span class='ocrx_word' id='word_1_429' title='bbox 463 3391 492 3395; x_wconf 91' lang='lat'><strong>—</strong></span> <span class='ocrx_word' id='word_1_430' title='bbox 511 3379 547 3401; x_wconf 81' lang='lat' dir='ltr'>La</span> <span class='ocrx_word' id='word_1_431' title='bbox 566 3379 686 3408; x_wconf 58' lang='lat' dir='ltr'>Quaextio</span> <span class='ocrx_word' id='word_1_432' title='bbox 704 3378 733 3401; x_wconf 76' lang='lat' dir='ltr'>(le</span> <span class='ocrx_word' id='word_1_433' title='bbox 749 3386 817 3408; x_wconf 76' lang='lat' dir='ltr'>aqna</span> <span class='ocrx_word' id='word_1_434' title='bbox 834 3381 858 3401; x_wconf 74' lang='lat' dir='ltr'>ct</span> <span class='ocrx_word' id='word_1_435' title='bbox 876 3381 955 3402; x_wconf 79' lang='lat' dir='ltr'>terra.</span> 
     </span>
    </p>
   </div>
   <div class='ocr_carea' id='block_1_12' title="bbox 1244 2297 2197 2496">
    <p class='ocr_par' dir='ltr' id='par_1_13' title="bbox 1244 2297 2197 2442">
     <span class='ocr_line' id='line_1_54' title="bbox 1245 2297 2197 2338; baseline 0 -11"><span class='ocrx_word' id='word_1_436' title='bbox 1245 2299 1289 2328; x_wconf 86' lang='lat' dir='ltr'>Le</span> <span class='ocrx_word' id='word_1_437' title='bbox 1303 2299 1393 2335; x_wconf 85' lang='lat' dir='ltr'>parti</span> <span class='ocrx_word' id='word_1_438' title='bbox 1407 2307 1466 2328; x_wconf 90' lang='lat' dir='ltr'>sue</span> <span class='ocrx_word' id='word_1_439' title='bbox 1479 2297 1550 2337; x_wconf 89' lang='lat' dir='ltr'>[del</span> <span class='ocrx_word' id='word_1_440' title='bbox 1564 2299 1673 2335; x_wconf 87' lang='lat' dir='ltr'>primo</span> <span class='ocrx_word' id='word_1_441' title='bbox 1684 2298 1824 2338; x_wconf 86' lang='lat' dir='ltr'>mobile]</span> <span class='ocrx_word' id='word_1_442' title='bbox 1834 2299 2011 2328; x_wconf 80' lang='lat' dir='ltr'>vivissime</span> <span class='ocrx_word' id='word_1_443' title='bbox 2020 2299 2060 2327; x_wconf 87' lang='lat' dir='ltr'>ed</span> <span class='ocrx_word' id='word_1_444' title='bbox 2071 2299 2197 2327; x_wconf 85' lang='lat' dir='ltr'>eccclse</span> 
     </span>
     <span class='ocr_line' id='line_1_55' title="bbox 1244 2352 1922 2389; baseline 0 -8"><span class='ocrx_word' id='word_1_445' title='bbox 1244 2352 1281 2381; x_wconf 74' lang='lat' dir='ltr'>Si</span> <span class='ocrx_word' id='word_1_446' title='bbox 1303 2352 1468 2381; x_wconf 84' lang='lat' dir='ltr'>uniformi</span> <span class='ocrx_word' id='word_1_447' title='bbox 1492 2360 1562 2389; x_wconf 92' lang='lat' dir='ltr'>son,</span> <span class='ocrx_word' id='word_1_448' title='bbox 1585 2353 1678 2381; x_wconf 86' lang='lat' dir='ltr'>cl1⁷io</span> <span class='ocrx_word' id='word_1_449' title='bbox 1701 2361 1768 2381; x_wconf 90' lang='lat' dir='ltr'>non</span> <span class='ocrx_word' id='word_1_450' title='bbox 1791 2361 1826 2381; x_wconf 88' lang='lat' dir='ltr'>so</span> <span class='ocrx_word' id='word_1_451' title='bbox 1849 2352 1922 2381; x_wconf 68' lang='lat' dir='ltr'>&lt;lire</span> 
     </span>
     <span class='ocr_line' id='line_1_56' title="bbox 1244 2406 1898 2442; baseline 0.002 -8"><span class='ocrx_word' id='word_1_452' title='bbox 1244 2406 1331 2442; x_wconf 75' lang='lat' dir='ltr'>Qual</span> <span class='ocrx_word' id='word_1_453' title='bbox 1355 2406 1512 2435; x_wconf 79' lang='lat' dir='ltr'>Beatrice</span> <span class='ocrx_word' id='word_1_454' title='bbox 1535 2414 1596 2442; x_wconf 84' lang='lat' dir='ltr'>per</span> <span class='ocrx_word' id='word_1_455' title='bbox 1618 2407 1691 2435; x_wconf 76' lang='lat' dir='ltr'>loco</span> <span class='ocrx_word' id='word_1_456' title='bbox 1715 2406 1760 2434; x_wconf 90' lang='lat' dir='ltr'>mi</span> <span class='ocrx_word' id='word_1_457' title='bbox 1782 2406 1898 2435; x_wconf 77' lang='grc'>300130.</span> 
     </span>
    </p>

    <p class='ocr_par' dir='ltr' id='par_1_14' title="bbox 1843 2469 2143 2496">
     <span class='ocr_line' id='line_1_57' title="bbox 1843 2469 2143 2496; baseline -0.003 -5"><span class='ocrx_word' id='word_1_458' title='bbox 1843 2472 1898 2491; x_wconf 71' lang='lat' dir='ltr'>Pur.</span> <span class='ocrx_word' id='word_1_459' title='bbox 1915 2469 2019 2494; x_wconf 71' lang='lat' dir='ltr'>XXVII,</span> <span class='ocrx_word' id='word_1_460' title='bbox 2038 2470 2075 2491; x_wconf 86' lang='lat'>100</span> <span class='ocrx_word' id='word_1_461' title='bbox 2091 2477 2143 2496; x_wconf 82' lang='lat' dir='ltr'>sgg.</span> 
     </span>
    </p>
   </div>
   <div class='ocr_carea' id='block_1_13' title="bbox 1245 2885 2198 2979">
    <p class='ocr_par' dir='ltr' id='par_1_15' title="bbox 1245 2885 2198 2979">
     <span class='ocr_line' id='line_1_58' title="bbox 1385 2885 2198 2925; baseline -0.003 -9.209"><span class='ocrx_word' id='word_1_462' title='bbox 1385 2888 1532 2916; x_wconf 77' lang='lat' dir='ltr'>l&#39;ottavo</span> <span class='ocrx_word' id='word_1_463' title='bbox 1555 2885 1664 2925; x_wconf 77' lang='grc'>[01010</span> <span class='ocrx_word' id='word_1_464' title='bbox 1676 2885 1687 2924; x_wconf 75' lang='lat' dir='ltr'>l¹</span> <span class='ocrx_word' id='word_1_465' title='bbox 1710 2886 1727 2913; x_wconf 74' lang='lat' dir='ltr'>e</span> <span class='ocrx_word' id='word_1_466' title='bbox 1750 2886 1862 2922; x_wconf 83' lang='lat' dir='ltr'>quello</span> <span class='ocrx_word' id='word_1_467' title='bbox 1884 2885 1972 2914; x_wconf 82' lang='lat' dir='ltr'>delle</span> <span class='ocrx_word' id='word_1_468' title='bbox 1996 2885 2094 2914; x_wconf 79' lang='lat' dir='ltr'>stelle</span> <span class='ocrx_word' id='word_1_469' title='bbox 2111 2885 2198 2920; x_wconf 82' lang='lat' dir='ltr'>fisse,</span> 
     </span>
     <span class='ocr_line' id='line_1_59' title="bbox 1245 2941 1466 2979; baseline -0.005 -9"><span class='ocrx_word' id='word_1_470' title='bbox 1245 2942 1348 2979; x_wconf 54' lang='lat' dir='ltr'>(Ionia,</span> <span class='ocrx_word' id='word_1_471' title='bbox 1371 2941 1416 2977; x_wconf 89' lang='grc' dir='ltr'>ΙΙ,</span> <span class='ocrx_word' id='word_1_472' title='bbox 1438 2943 1466 2969; x_wconf 80' lang='lat'>4.</span> 
     </span>
    </p>
   </div>
   <div class='ocr_carea' id='block_1_14' title="bbox 2106 3376 2135 3398">
    <p class='ocr_par' dir='ltr' id='par_1_16' title="bbox 2106 3376 2135 3398">
     <span class='ocr_line' id='line_1_60' title="bbox 2106 3376 2135 3398; baseline 0 0"><span class='ocrx_word' id='word_1_473' title='bbox 2106 3376 2135 3398; x_wconf 87' lang='lat'>20</span> 
     </span>
    </p>
   </div>
  </div>
 </body>
</html>
